3096 5002
153 575 257 663 etque
283 566 351 638 ulia
376 565 551 650 adtribui,
580 566 777 662 mutarique
803 562 934 637 ordine
952 560 1143 661 quaedum,

153 684 181 754 si
207 690 323 754 tomen
350 681 482 753 ardoris
508 688 666 752 naturam
695 694 820 753 cuncta
846 688 1020 753 tenerent:

153 799 244 895 ignis
269 797 362 869 enim
390 797 477 868 foret
504 797 715 868 omnimodis
741 797 991 894 quodcumque
1018 804 1190 868 crearent.

153 939 293 997 verum,
320 922 359 984 ut
385 912 527 1008 opinor,
555 912 652 984 itast:
668 920 749 984 sunt
763 913 935 1008 quaedam
950 937 1111 1008 corporo,
1127 937 1278 1008 quorum

153 1052 339 1101 concursus
366 1036 481 1098 motus
506 1027 590 1098 ordo
618 1027 773 1123 posituro
799 1029 930 1124 figurae

154 1144 311 1215 efficiunt
337 1143 447 1240 ignis,
476 1149 683 1238 mutatoque
710 1144 832 1215 ordine
860 1151 998 1214 mutant

155 1269 335 1344 naturam,
363 1284 477 1356 neque
503 1266 584 1329 sunt
611 1258 684 1354 igni
711 1258 874 1330 simulato
900 1283 1014 1354 neque
1041 1258 1107 1329 ulli

155 1384 330 1472 praetcrea
356 1375 405 1447 rei
432 1400 520 1471 quse
547 1400 690 1471 corpora
717 1377 854 1447 mittere
880 1374 987 1470 possit

154 1489 312 1562 sensibus
337 1497 371 1561 et
396 1498 529 1562 nostros
555 1490 693 1562 adiectu
719 1499 860 1586 tangere
885 1498 1015 1561 tactus.
1103 1529 1105 1532 ·

154 1605 269 1677 dicere
295 1630 397 1701 porro
423 1605 538 1701 ignem
568 1631 620 1677 res
646 1606 760 1677 omnis
785 1631 876 1689 esse,
904 1630 1018 1701 neque
1046 1605 1155 1677 ullam
1356 1627 1382 1678 4.

155 1746 226 1792 rem
254 1746 368 1792 verum
397 1721 432 1791 in
459 1746 606 1793 numero
632 1747 749 1793 rerum
777 1728 932 1793 constare
959 1720 1026 1791 nisi
1054 1721 1191 1817 ignem,

156 1835 251 1932 quod
278 1835 360 1907 facit
386 1835 443 1907 hic
470 1836 583 1921 idem,
611 1837 824 1933 perdelirum
853 1862 923 1909 esse
950 1836 1099 1908 videtur.

156 1976 238 2022 nam
264 1959 383 2022 contro
408 1977 526 2023 sensus
552 1953 597 2023 ab
622 1952 780 2024 sensibus
806 1953 879 2048 ipse
906 1959 1095 2048 repugnat,

155 2076 190 2137 et
216 2065 400 2138 labefactet
425 2091 500 2150 eos,
528 2066 622 2138 unde
648 2068 766 2139 omnia
794 2067 926 2138 creditu
952 2067 1125 2163 pendent,

156 2181 251 2253 unde
278 2181 334 2252 hic
361 2183 521 2278 cognitus
546 2191 597 2255 est
623 2183 689 2279 ipsi
716 2209 821 2280 quem
849 2184 1008 2254 nominat
1034 2183 1169 2280 ignem:

156 2297 384 2369 creditenim
412 2323 531 2370 sensus
557 2299 672 2395 ignem
700 2324 903 2396 cognoscere
928 2324 1024 2383 vere,

157 2420 269 2485 cetere
294 2438 364 2484 non
391 2412 520 2498 credit,
548 2440 637 2510 quae
664 2415 735 2485 nilo
762 2414 854 2486 clara
881 2416 998 2487 minus
1023 2428 1122 2488 sunt..

158 2528 252 2624 quod
281 2528 369 2599 mihi
396 2554 474 2600 cum
503 2555 632 2601 vanum
662 2546 735 2601 tum
764 2530 915 2602 delirum
942 2556 1013 2602 esse
1040 2520 1201 2602 videturs

157 2668 227 2739 quo
253 2643 441 2715 referemus
468 2645 591 2715 enim?
617 2644 704 2741 quid
732 2645 832 2716 nobis
858 2646 986 2717 certius
1012 2647 1095 2742 ipsis
1145 2648 1148 2653 ’
1191 2675 1193 2680 ’
1286 2669 1289 2676 ’

61 2780 111 2831 mo
155 2760 313 2831 sensibus
339 2785 409 2831 esse
437 2768 566 2856 potest,
594 2761 656 2857 qui
683 2786 761 2832 vera
787 2786 826 2832 ac
853 2760 938 2832 falsa
965 2761 1169 2848 notem-usi

157 2884 331 2972 praeterea
359 2902 466 2972 quare
494 2877 680 2973 quisquam
710 2877 820 2972 magis
845 2877 963 2948 omnia
980 2877 1088 2968 tollat

157 3002 191 3064 et
217 2991 299 3064 velit
325 2992 458 3064 ardoris
484 3000 645 3064 naturam
673 2992 832 3088 linquere
858 2988 1018 3077 solum(⁴

158 3133 264 3204 quom
292 3116 393 3204 neget
418 3134 490 3180 esse
516 3108 625 3203 ignis,
653 3107 794 3204 quidvis
821 3115 936 3179 tomen
963 3133 1034 3178 esse
1060 3107 1261 3203 relinquat?

158 3248 268 3318 aequa
293 3223 432 3295 videtur
457 3224 551 3298 enim
579 3223 755 3294 dementia
781 3222 895 3294 dicere
922 3231 1129 3319 utrumque.

62 3357 112 3407 705
207 3339 428 3435 Quapropter
442 3340 504 3436 qui
520 3340 696 3410 materiem
713 3363 828 3410 rerum
845 3363 915 3409 esse
925 3349 1095 3435 putarunt
1137 3372 1225 3423 neque
1236 3356 1252 3406 4
1264 3346 1388 3407 minusve

159 3453 273 3550 ignem
302 3465 406 3552 utque
432 3481 472 3527 ex
498 3455 572 3552 igni
598 3480 771 3529 summam
798 3454 981 3526 consistere
1008 3478 1123 3550 posse,
1205 3426 1349 3479 elementa.

60 3763 109 3826 δεῖ
131 3785 161 3824 τι
175 3755 351 3842 ὑπομένειν
366 3809 371 3823 .
388 3809 394 3823 .
410 3809 416 3821 .
432 3808 438 3823 .
454 3752 639 3837 ἀδιάλυτον,
654 3752 673 3822 ὂ
686 3757 742 3831 τὰς
754 3755 935 3841 μεταβολὰς
950 3808 955 3821 .
972 3808 978 3820 .
994 3807 1000 3821 .
1015 3807 1022 3821 .
1036 3757 1220 3844 ποιήσεται.
1235 3803 1241 3818 .
1257 3805 1264 3818 .
1280 3805 1286 3819 .

61 3868 143 3934 κατὰ
165 3872 357 3950 μεταθέσεις
379 3867 438 3948 μὲν
462 3866 602 3943 πολλῶν,
628 3867 722 3928 τινῶν
747 3866 780 3928 δὲ
804 3862 856 3927 καὶ
869 3865 1053 3949 προσόδους
1066 3861 1119 3926 καὶ
1132 3856 1286 3946 ἀφόδους.
1314 3903 1317 3913 «

62 3964 136 4026 687.
174 3985 292 4026 uersurum
319 3991 355 4026 sc.
383 3976 431 4025 rci.
457 4004 491 4010 —
515 3973 634 4024 stipulatu
653 3975 670 4023 i.
691 3989 713 4024 e.
733 3972 844 4023 similia.
881 3970 937 4022 cfr.
957 3972 1035 4033 4,363
1051 3976 1081 4041 'et
1100 3962 1156 4022 bic.
1176 3969 1209 4020 ad
1231 3969 1287 4020 Au

61 4067 131 4130 9,8,2
157 4065 305 4116 Mineruam
323 4064 469 4114 simulatum
488 4062 611 4114 Mentori.
658 4050 732 4111 689.
773 4059 895 4114 indicere
915 4064 955 4111 est
975 4061 1012 4112 ite
1032 4058 1287 4120 iacere,utadeum

62 4157 162 4216 locum,
191 4170 271 4221 quem
301 4152 436 4203 iaculator
464 4152 541 4218 petit,
571 4149 739 4218 perveniat.''
777 4148 834 4200 cfr.
853 4149 948 4211 4,673;
970 4149 1057 4210 5‚567.
1077 4178 1111 4184 —
1130 4150 1245 4199 tacturi.
1265 4164 1288 4199 e.

61 4259 166 4296 sensus,
212 4230 285 4290 693.
323 4240 533 4291 ‹·outru....ub.
553 4238 609 4290 Cic.
628 4238 662 4289 de
681 4240 738 4289 inv.
757 4237 801 4299 1‚4
820 4254 837 4287 a
856 4230 987 4288 menducio
1006 4245 1093 4287 contro
1111 4244 1287 4292 vermo-stare.
1316 4293 1320 4316 Ι,

61 4332 118 4385 cfr.
138 4330 172 4382 ad
192 4331 252 4381 935.
298 4316 372 4378 700·
411 4330 456 4397 qut
473 4331 490 4379 i.
511 4345 533 4380 e.
553 4344 624 4394 quo;
647 4326 820 4379 referendum
841 4332 881 4378 est
900 4326 934 4378 ad
953 4327 1015 4393 quid
1032 4324 1288 4394 (699).-,Herocli·

62 4435 107 4482 tus
126 4437 237 4490 couno:
257 4418 310 4483 διὰ
333 4441 397 4481 των
422 4415 610 4505 αἰσθήσεων
635 4419 746 4496 γνῶσις
771 4408 996 4500 ἀνθρώποισιν
1022 4407 1171 4502 ἀγνωσίη.
1211 4419 1287 4481 703.

61 4526 199 4596 relinquere
219 4528 236 4576 i.
257 4544 279 4576 e.
299 4525 453 4580 concedere.
500 4511 574 4576 706·
611 4540 789 4577 surmrurmsc.
809 4525 937 4579 reruni.
957 4537 1093 4578 somnes
1114 4537 1163 4574 res.
1203 4564 1205 4569 .
