3096 5002
206 521 282 587 tum
310 513 536 586 labefactatus
561 513 654 609 rigor
679 511 755 584 auri
780 511 927 583 solvitur
951 518 1070 581 aestu:

207 641 282 702 tum
308 629 436 726 glacies
461 629 548 700 aeris
573 628 716 700 flamma
742 628 877 699 devicta
903 622 1083 721 liquescit,

207 752 388 842 permanat
413 743 505 816 calor
530 751 711 840 argentum
740 742 986 840 penetraleque
1012 739 1140 835 frigus,

133 884 147 895 ·
206 860 347 957 quando
373 868 564 956 utrumque
586 884 698 946 ,manu
725 859 912 930 retinentes
938 854 1063 952 pocula
1089 854 1154 925 rite

205 975 375 1047 sensimus
401 975 516 1046 infuso
543 975 766 1072 lympharum
795 999 870 1046 rore
896 997 1065 1068 superne.

205 1116 315 1188 usque
341 1091 427 1163 adeo
453 1091 489 1162 iu
516 1092 620 1163 rebus
646 1090 747 1162 solidi
776 1090 824 1161 nil
851 1114 922 1161 esse
949 1087 1104 1159 videtur.

206 1206 264 1278 sed
290 1207 374 1303 quia
400 1231 478 1278 vera
506 1214 619 1278 tamen
648 1206 735 1277 ratio
762 1215 956 1300 naturaque
983 1228 1098 1275 rerum

206 1321 314 1417 cogit,
343 1321 442 1406 ades,
470 1322 591 1417 paucis
617 1321 703 1392 dum
731 1321 886 1392 versibus
911 1318 1137 1416 expediamus

205 1461 274 1508 esse
299 1461 339 1508 ea
365 1461 454 1532 quae
480 1436 591 1508 solido
617 1445 721 1533 atque
748 1445 887 1508 aeterno
913 1452 1055 1530 corpore
1081 1439 1248 1516 constent,

205 1550 336 1623 semina
361 1576 451 1647 quae
477 1576 592 1623 rerum
621 1551 883 1648 primordiaque
909 1574 980 1621 esse
1006 1548 1190 1631 docemus,

206 1665 298 1737 unde
324 1665 438 1737 omnis
463 1690 581 1738 rerum
608 1692 703 1738 nuno
729 1675 861 1738 constet
886 1689 1024 1736 summa
1050 1670 1181 1734 creata.

252 1779 429 1877 Principio
455 1782 623 1877 quoniam
649 1781 780 1878 duplex
806 1789 930 1852 natura
956 1779 1107 1850 duarum
1329 1813 1388 1864 arg.
1408 1796 1434 1848 1.

206 1893 383 1988 dissimilis
408 1920 525 1967 rerum
552 1896 653 1993 longe
679 1905 834 1968 constare
860 1904 1044 1992 repertast,

207 2009 375 2106 corporis,
402 2018 507 2108 atque
533 2012 620 2097 loci,
648 2038 701 2084 res
727 2013 762 2083 in
790 2037 860 2108 quo
886 2034 1047 2107 quaeque
1072 2018 1261 2105 geruntur,

205 2148 274 2196 esse
300 2133 487 2223 utramque
512 2127 579 2198 sibi
606 2139 727 2224 perse
754 2151 950 2224 puramque
976 2131 1161 2197 necessest.

205 2264 281 2311 nam
315 2265 540 2337 quacumque
569 2252 665 2314 vacat
696 2243 868 2339 spatium,
896 2242 992 2338 quod
1019 2241 1122 2312 inane
1148 2265 1330 2324 vocamus,

205 2380 328 2452 corpus
353 2383 392 2429 ea
419 2384 487 2430 uon
514 2368 581 2430 est:
609 2385 680 2456 qua
707 2384 807 2456 porro
834 2383 987 2453 cunique
1013 2365 1106 2428 tenet
1132 2381 1167 2426 se

196 2459 359 2568 corpus,
375 2499 414 2545 ea
440 2499 590 2546 vacuum
617 2491 842 2571 nequaquam
870 2481 1003 2545 constat
1028 2472 1150 2543 inane.

204 2596 283 2658 sunt
308 2587 417 2684 igitur
442 2588 552 2660 solida
578 2614 617 2660 ac
643 2589 717 2661 siue
742 2589 837 2661 inani
865 2613 1008 2685 corpora
1035 2587 1165 2684 prima.

206 2711 379 2797 praeterea
404 2704 571 2801 quoniam
598 2705 724 2801 genitis
751 2705 786 2775 in
814 2704 918 2776 rebus
943 2704 1097 2785 inanest,

207 2817 382 2890 materiem
410 2819 543 2891 circum
569 2820 715 2891 solidam
743 2829 897 2893 constare
923 2831 1112 2892 necessest:

205 2956 265 3004 neo
291 2929 345 3004 res
370 2933 443 3005 ulla
469 2944 580 3031 potest
605 2962 684 3015 vera
711 2937 842 3008 ratione
869 2936 1008 3032 probari

205 3071 344 3144 corpore
370 3049 473 3122 inane
499 3076 561 3122 suo
587 3051 697 3123 celare
724 3059 829 3147 atque
855 3051 950 3123 intus
976 3050 1121 3142 habere,

131 3169 165 3186 ''
203 3162 344 3249 sinon,
372 3166 467 3262 quod
494 3166 651 3251 cohibet,
679 3166 831 3238 solidum
857 3175 1012 3238 constare
1039 3164 1236 3260 relinquas:

205 3277 238 3349 id
266 3304 369 3376 porro
395 3280 445 3352 nil
471 3307 541 3353 esse
568 3291 679 3378 potest
705 3283 771 3353 nisi
798 3282 954 3354 materiai

205 3393 411 3481 concilium,
439 3397 533 3492 quod
562 3397 664 3469 inane
690 3408 796 3494 queat
822 3423 937 3468 rerum
965 3396 1143 3482 cohibere.

204 3510 363 3582 materies
388 3511 514 3608 igitur,
541 3512 651 3584 solido
677 3538 767 3610 quae
794 3537 935 3609 corpore
961 3521 1057 3583 const
1080 3519 1112 3594 t,

126 3709 309 3739 Qu*—

154 3837 225 3900 493.
269 3851 366 3920 plocies
384 3851 458 3903 aeris.
497 3851 625 3904 Eiusdem
646 3854 701 3904 lere
719 3851 1329 3921 modimetaphorautiturMartialis1,49,12,

117 3939 205 4005 quide
223 3939 324 3992 Solone
343 3939 387 3992 vel
408 3939 502 3992 Bilbili
522 3939 636 3992 flumine
656 3941 722 3992 dicit
740 3943 785 4008 (poi
796 3942 899 4009 semum
916 3942 992 4008 palat,
1011 3944 1053 3993 ie.
1073 3944 1121 4008 qui
1135 3941 1328 4008 le1·rum,quod

113 4026 190 4081 durio
207 4029 335 4097 tingitur,
355 4029 444 4080 acrius
464 4029 554 4082 reddit
572 4031 685 4093 (lustin.
701 4032 791 4098 44,3).
835 4019 902 4078 494
911 4047 970 4097 sqq.
1008 4029 1123 4082 Caloret
1131 4032 1218 4097 frigus
1227 4045 1329 4097 perma-

111 4120 172 4169 nant
204 4120 368 4186 argentum
408 4121 555 4185 utrumque
583 4121 654 4170 enim
684 4123 819 4171 sensimus
847 4121 913 4186 (sor.
942 4120 1104 4188 gnomicus).
1149 4106 1226 4168 498.
1263 4118 1328 4169 ratio

107 4223 242 4283 naturaque
259 4219 301 4267 est
319 4211 354 4271 ἑν
377 4204 431 4271 διὰ
454 4206 560 4271 δυοῖν;
581 4234 601 4271 r.
619 4224 740 4270 naturae.
777 4215 853 4277 499,
882 4219 968 4269 adesse
980 4217 1329 4285 poctaeinterdumdicuut

104 4329 153 4383 pro
171 4328 212 4376 eo,
231 4313 305 4380 quod
325 4318 367 4364 est
385 4313 472 4366 adesse
490 4315 585 4378 anicio,
605 4316 707 4366 oreimis.
752 4304 828 4365 500.
867 4315 1019 4367 Primordia
1039 4323 1103 4366 sunt
1122 4321 1240 4378 aeterua,
1256 4332 1291 4367 sc.
1303 4321 1329 4366 et

103 4387 241 4480 ἇγὲνητα
260 4407 287 4452 et
305 4384 528 4477 ἆδιάφῧαρτα.
577 4391 651 4453 515.
684 4399 903 4472 reliuqucrcap'ud
915 4405 978 4455 Luc.
988 4405 1097 4471 saepius
1107 4405 1178 4471 sign.
1188 4404 1328 4467 concedere,

101 4501 192 4556 veluti
211 4500 272 4554 658.
292 4500 352 4553 743.
399 4488 474 4550 517.
512 4502 588 4553 inane
606 4518 689 4554 rerum
710 4503 750 4553 ie.
771 4502 852 4553 inane
871 4502 945 4568 quod
965 4503 1052 4555 estin
1073 4502 1163 4553 rebus.
