3096 5002
155 235 200 308 14

228 446 334 533 atque
360 461 463 509 omne
489 437 702 510 immensum
730 434 925 535 peragravit
951 447 1067 510 mente
1093 434 1301 535 animoque3

154 574 187 624 τε)
230 553 325 624 unde
351 552 455 624 refert
481 554 581 625 nobis
607 554 716 625 victor
742 553 830 650 quid
858 554 963 650 possit
989 554 1091 638 oriri,

226 668 314 764 quid
342 677 510 765 nequeat,
538 670 637 741 finita
664 677 813 766 potestas
840 670 993 766 denique
1019 671 1148 766 cuique

227 809 297 879 qua
324 809 404 855 nam
431 784 476 855 sit
501 785 634 856 ratione
659 793 765 881 atque
790 786 858 857 alte
884 786 1056 857 terminus
1082 784 1244 858 haerens.

227 924 334 994 quare
360 898 481 995 religio
509 899 658 996 pedibus
683 901 840 973 subiecta
866 901 1015 973 vicissim

232 1014 424 1111 opteritur,
452 1039 513 1086 nos
539 1023 707 1112 exaequat
733 1017 876 1089 victoria
902 1015 1013 1088 caelo.
1072 1067 1073 1070 =
1115 1061 1118 1063 Δ

155 1148 190 1199 80
280 1129 376 1200 lllud
402 1131 439 1201 in
467 1130 520 1202 his
546 1132 650 1204 rebus
676 1159 811 1219 vereor,
839 1159 883 1205 ne
908 1133 996 1205 lorte
1022 1133 1128 1205 rearis

228 1242 326 1341 inpia
351 1253 385 1317 te
411 1247 554 1318 rationis
579 1247 669 1320 inire
695 1248 867 1321 elementa
892 1248 1060 1344 viamque
1103 1300 1112 1314 .

229 1358 417 1456 indugredi
442 1361 597 1434 sceleris.
650 1364 745 1460 quod
772 1372 891 1436 contra
917 1365 1054 1461 saepius
1079 1364 1141 1436 illa

231 1474 353 1572 religio
379 1477 515 1573 peperit
540 1478 705 1550 scelerosa
731 1488 837 1575 atque
862 1480 973 1577 impia
998 1461 1128 1552 facta?

230 1589 360 1663 Aulide
387 1618 457 1688 quo
484 1598 584 1690 pacto
611 1591 740 1666 Triviai
766 1595 910 1691 virginis
936 1621 1028 1666 aram

156 1724 189 1774 aa
232 1704 456 1802 Iphianassai
476 1717 665 1806 turparunt
690 1711 859 1806 sanguine
884 1710 985 1782 foede

230 1822 390 1894 ductores
416 1824 578 1896 Danaum
605 1824 749 1911 delecti,
776 1826 891 1923 prima
916 1826 1089 1898 virorum.

200 2226 254 2287 74,
292 2244 364 2280 orcae
382 2230 425 2280 ie.
444 2218 482 2282 τὸ
506 2219 584 2284 πᾶν.
604 2257 638 2265 -κ
660 2227 793 2282 rAnimus
812 2233 852 2279 est
870 2229 900 2278 in
919 2232 1010 2294 partes
1029 2228 1150 2278 tributus
1169 2226 1246 2288 duas,
1263 2240 1383 2293 quarum

155 2327 242 2379 altera
261 2328 375 2378 rationis
395 2331 436 2377 est
456 2328 598 2393 particeps,
618 2324 705 2377 altera
723 2324 838 2392 expers''
859 2324 928 2394 [Cic.
938 2325 1018 2376 Tusc.
1029 2323 1125 2393 a,21]..
1138 2323 1191 2375 llla
1201 2324 1384 2391 significatur,

155 2417 178 2467 si
206 2415 323 2467 dicimus
347 2414 447 2482 finpere
465 2414 551 2465 animo
561 2432 571 2477 ,·
589 2431 645 2464 cum
663 2413 749 2465 animo
768 2413 885 2480 copitare,
905 2412 1036 2464 recordari
1044 2431 1053 2477 ,·
1072 2412 1290 2476 animaduertere,·
1310 2412 1384 2474 haec,

156 2507 178 2556 si
207 2504 324 2556 dicimus
352 2504 584 2570 unirnocobsequk
611 2504 695 2555 antrat
721 2520 807 2554 causo.
844 2502 923 2554 Mens
951 2503 1035 2552 animi
1051 2503 1138 2569 igitur
1157 2506 1197 2553 est
1215 2502 1302 2552 animi
1323 2516 1385 2568 pars

156 2595 270 2645 rationis
296 2594 448 2660 particeps3
474 2597 556 2660 atque
585 2610 653 2644 nicos
671 2593 818 2659 animusque
836 2593 993 2659 significant
1012 2591 1106 2642 ambas
1125 2591 1210 2642 animi
1231 2594 1322 2657 partes
1341 2589 1386 2642 vel

155 2695 247 2762 potius
266 2692 419 2756 facultates,
438 2698 469 2744 ut
488 2682 575 2771 φρὴν
598 2680 651 2747 καὶ
674 2682 792 2764 θυμός.
831 2691 863 2742 Η.
882 2690 901 2741 l.
920 2697 999 2741 mente
1017 2689 1149 2755 unitaeque
1159 2686 1231 2756 sign.
1241 2690 1349 2741 ratione
1360 2691 1386 2740 et

156 2792 260 2853 studim
280 2791 426 2860 cogitando
446 2796 473 2842 et
489 2789 706 2859 perseverando;
726 2790 836 2842 assidua
855 2790 1030 2857 cogitatione.
1067 2776 1118 2837 75.
1156 2787 1243 2855 refert.
1283 2791 1386 2842 attans

156 2881 225 2933 latio
253 2897 269 2931 a
288 2897 316 2932 re
336 2881 459 2942 militari,
480 2885 511 2930 ut
529 2879 601 2946 apud
623 2879 704 2946 Verg.
723 2878 792 2930 Aen.
811 2878 873 2940 4,93
892 2878 992 2928 laudem
1011 2884 1034 2927 et
1049 2877 1133 2951 spolio
1151 2876 1239 2943 arrepta
1257 2875 1385 2943 refertis.'¹

156 2959 207 3020 77.
246 2971 294 3021 alte
323 2969 442 3020 terruimus
470 2967 574 3019 tuereris
602 2970 644 3019 i.e.
673 2968 791 3034 depactus
819 2967 938 3019 territans
965 2966 1013 3017 alte
1040 2964 1167 3034 (2,1087),
1185 2965 1284 3016 stabilis
1302 2981 1386 3016 rerum

158 3060 278 3112 terminus
308 3057 385 3127 [Hor.
415 3072 497 3108 carm.
521 3072 589 3108 saec.
609 3055 666 3125 26].
704 3044 756 3105 78.
795 3056 934 3125 Vergilius
953 3056 1108 3107 Lucretium
1128 3055 1305 3122 significavit,
1324 3069 1385 3104 cum

157 3149 266 3216 scripsit
285 3145 384 3213 Georg.
404 3145 499 3207 2,490;
522 3145 617 3199 rFelix
636 3147 685 3212 qni
706 3147 795 3213 potuit
814 3162 904 3197 rernm
917 3160 1079 3212 cognoscere
1090 3159 1184 3194 causas
1195 3141 1287 3209 Atque
1298 3145 1398 3193 metus·

158 3239 247 3290 omnis
267 3241 294 3288 et
314 3234 485 3286 inexorabile
505 3235 592 3286 satum
611 3234 733 3286 Subiecit
752 3233 867 3302 pedibus
886 3235 1086 3300 strepitumque
1106 3227 1386 3283 Acherontisavari.''

74 3315 75 3318 ¹
158 3315 201 3376 81.
238 3325 320 3392 irnpiu
347 3323 455 3375 rationis
482 3324 600 3375 elementa
630 3323 685 3392 [ie.
710 3321 856 3391 principia]
878 3339 926 3390 per
944 3322 1091 3390 enallagen
1112 3320 1309 3388 explicandum
1329 3324 1385 3371 est:

159 3418 258 3484 impiae
287 3432 309 3466 r.
338 3430 361 3466 e.
398 3400 452 3463 82.
490 3412 632 3480 incapaci.
670 3412 809 3478 Antiquae
829 3413 931 3464 formae
952 3412 1160 3479 praepositionis
1180 3410 1206 3460 in
1226 3414 1305 3461 erant
1323 3408 1386 3460 endo

158 3504 260 3574 (6,890)
289 3509 315 3555 et
343 3503 405 3553 indu
436 3501 545 3571 [2,1096
574 3499 665 3569 alibi].
702 3500 759 3553 cn.
783 3501 884 3568 iodipeo
902 3506 929 3552 et
948 3500 1034 3551 induc.
1063 3498 1144 3567 Apud
1164 3498 1228 3550 Luc.
1247 3504 1387 3566 praeterea

159 3594 259 3661 scripta
279 3592 412 3658 leguntur
430 3589 589 3657 indomitae,
609 3590 780 3657 induperator,
800 3589 916 3658 indeptus
935 3587 990 3659 [ie.
1010 3585 1146 3657 adeptus]‚
1166 3584 1386 3656 iucereindu[i.e.

159 3678 282 3748 inicerel.
301 3709 325 3716 -
354 3679 421 3745 quod
438 3686 532 3728 contu.
553 3676 608 3729 Cic.
628 3678 661 3729 de
680 3678 741 3730 Seu.
761 3677 772 3748 ξ
791 3680 825 3730 84
840 3677 1009 3746 proficiscar.
1021 3715 1044 3727 ..
1064 3677 1101 3728 ud
1120 3675 1238 3728 Catonem
1252 3692 1386 3727 meum...

142 3771 231 3830 ¹cuitu
249 3795 266 3828 u
284 3794 323 3828 rae
341 3794 430 3845 corpus
449 3784 484 3828 est
501 3784 645 3840 crematum,
669 3770 757 3852 quod
781 3775 892 3832 contla
916 3776 1001 3827 detuit
1018 3776 1050 3826 ub
1065 3776 1207 3826 idumeum.
1227 3774 1302 3826 Illud
1313 3774 1386 3842 quod,

160 3893 230 3945 quae
249 3878 364 3943 antiqua
382 3876 492 3928 videtur
510 3875 620 3927 ablitivi
639 3891 696 3927 esse
715 3877 811 3936 forma,
831 3876 912 3926 etium
933 3881 973 3926 est
992 3876 1021 3924 in
1040 3875 1107 3941 quod
1123 3874 1156 3936 ai,
1175 3872 1386 3940 quodquoniam,

160 3967 227 4035 quod
258 3981 324 4016 nunc
355 3963 463 4032 (1321),
491 3965 558 4031 quod
584 3964 689 4014 utilium.
718 3993 752 4000 —
780 3963 825 4013 illu
853 3965 895 4014 i.e.
924 3963 974 4013 illa
1002 3964 1122 4024 infamis,
1151 3967 1182 4014 nt
1210 3961 1299 4024 4‚1a1.
1328 3962 1388 4014 910.

161 4045 215 4105 85.
261 4054 343 4122 Apud
373 4054 521 4107 Homerum
551 4051 596 4122 [ll.
625 4053 712 4114 9‚145.
740 4049 804 4121 287]
836 4051 1049 4119 Agamemnonis
1078 4051 1150 4103 filiae
1180 4049 1389 4118 Chrysothemia

162 4142 276 4196 Laodice
306 4142 475 4209 Iphianassa,
502 4141 575 4210 apud
596 4143 713 4209 tragicos
732 4140 862 4191 dicuntur
880 4141 1026 4209 Iphigenia
1045 4141 1153 4192 Electra
1172 4140 1390 4209 Chrysothemis.

162 4240 214 4301 86,
249 4242 336 4309 primu
355 4241 465 4293 virorum
484 4244 527 4294 i.e.
546 4230 587 4297 τὰ
609 4231 721 4317 πρῶτα
744 4232 808 4298 τών
822 4222 955 4317 ἀνδρῶν.
984 4239 1040 4292 Osr.
1051 4239 1150 4292 Herod.
1160 4240 1221 4301 9,78
1232 4229 1390 4312 Λάμπων

164 4321 357 4410 Αἰγινητέων
381 4321 422 4388 τὰ
444 4323 566 4409 πρῶτα.
604 4330 693 4396 Quam
719 4348 773 4384 non
799 4331 913 4383 decebat
926 4332 1015 4399 primo
1030 4333 1151 4383 virorum
1171 4331 1294 4398 Virginis
1314 4346 1390 4382 aram

164 4428 290 4505 turpare!
