3096 5002
192 558 197 567 '
227 586 330 657 quarn
359 559 442 631 Grai
471 566 664 630 memorant
690 582 753 628 nec
780 565 895 628 nostra
921 556 1035 628 dicere
1062 555 1182 652 lingua

227 675 386 748 concedit
411 675 512 746 nobis
538 674 642 770 patrii
668 672 836 745 sermonis
861 679 1010 768 egestas,

226 792 285 864 sed
311 801 428 863 tauron
455 791 565 887 ipsam
592 815 663 860 rern
692 788 824 860 facilest
850 813 1020 884 exponere
1046 787 1180 859 verbis.

226 906 418 1004 principie,
445 930 559 977 rerum
589 930 693 1000 quarn
722 905 809 976 dicit
835 903 1135 987 homoeomerian„

227 1049 319 1108 ossa,
347 1021 527 1106 videlicet,
555 1047 573 1092 e
600 1021 763 1117 pauxillis
789 1032 894 1116 atque
921 1018 1067 1090 minutis

225 1139 359 1211 ossibus
385 1138 442 1209 hic
469 1145 503 1209 et
529 1137 572 1208 de
599 1135 763 1232 pauxillis
789 1142 894 1230 atque
921 1133 1068 1204 minutis

224 1254 413 1326 visceribus
438 1254 551 1324 viscus
576 1251 673 1348 gigni
700 1274 925 1346 sanguenque
952 1249 1060 1320 creari

225 1370 404 1466 sanguinis
429 1370 520 1440 iuter
546 1393 580 1439 se
608 1366 728 1438 inultis
754 1364 957 1437 coeuntibu'
984 1365 1094 1460 guttis

224 1511 266 1557 ex
291 1485 439 1581 aurique
466 1491 567 1580 putat
594 1482 693 1553 nricis
720 1481 904 1552 consistere
931 1505 1028 1576 posse

224 1625 349 1672 aurum
375 1609 409 1672 et
435 1600 478 1672 de
504 1600 604 1672 terris
629 1607 755 1671 terrain
783 1621 1000 1670 concrescere
1026 1594 1160 1692 parvis,

224 1714 365 1811 ignibus
391 1741 432 1787 ex
458 1715 567 1812 ignis,
595 1739 753 1786 umorem
783 1713 965 1784 umoribus
990 1737 1081 1796 esse,

226 1838 336 1902 cetera
363 1831 537 1902 cousirnili
564 1830 666 1926 fingit
692 1829 824 1901 ratione
851 1835 1040 1925 putatque.

224 1970 287 2017 nec
313 1954 429 2017 tamen
456 1971 527 2018 esse
554 1945 625 2017 ulla
652 1945 745 2016 idern
772 1971 813 2016 ex
840 1945 998 2040 partein
1026 1943 1130 2014 rebus
1157 1943 1259 2015 inane
1351 1977 1409 2028 arg.
1429 1960 1455 2011 1.

225 2061 403 2146 concedit,
430 2087 544 2157 neque
571 2061 774 2156 corporibus
800 2061 906 2131 finern
933 2085 1004 2131 esse
1030 2059 1204 2130 secandis.

226 2201 333 2272 quare
358 2177 394 2248 in
422 2183 571 2272 utraque
598 2175 686 2247 mihi
712 2175 841 2272 pariter
867 2175 999 2247 ratione
1025 2174 1164 2246 videtur

225 2315 337 2362 errare
364 2300 468 2388 atque
495 2291 566 2375 illi,
594 2316 699 2387 supra
725 2316 811 2387 quos
837 2291 991 2362 diximus
1017 2300 1114 2362 ante.

226 2406 316 2477 adde
342 2407 437 2503 quod
464 2406 628 2478 inbecilla
654 2407 760 2477 niuris
787 2405 978 2502 primordia
1004 2406 1124 2502 fingit;
1225 2419 1235 2436 ·

226 2521 254 2592 si
281 2521 472 2618 prirnordia
498 2531 598 2606 sunt,
626 2521 733 2593 sirnili
760 2547 850 2617 quae
876 2521 1034 2618 praedita
1060 2528 1218 2593 constant

227 2646 351 2708 natura
377 2647 482 2734 atque
508 2638 602 2734 ipsae
628 2663 681 2709 res
706 2645 806 2721 sunt,
834 2662 1013 2732 aequeque
1041 2635 1199 2708 laborant

130 2771 182 2822 850
226 2761 260 2824 et
286 2763 451 2848 pereunt,
479 2778 593 2849 neque
619 2755 663 2825 ab
689 2753 794 2824 exitio
821 2777 873 2824 res
899 2751 971 2823 ulla
998 2751 1167 2824 refrenat.

226 2893 306 2938 narn
334 2868 420 2964 quid
447 2869 482 2939 in
511 2894 678 2966 oppressu
706 2868 820 2940 valido
847 2867 990 2938 durabit
1015 2892 1157 2952 eorurn,

225 2992 265 3054 ut
291 2992 435 3054 mortem
464 2985 625 3080 effugiat,
654 2985 714 3056 leti
741 2984 806 3055 sub
834 2983 1000 3054 dentibus
1025 2982 1134 3078 ipsis?

225 3097 333 3193 ignis,
361 3124 403 3169 an
432 3125 551 3184 umor,
579 3126 621 3171 an
649 3100 756 3171 aura?
775 3098 863 3195 quid
878 3098 1029 3169 horum?
1043 3098 1183 3194 sanguis
1197 3123 1240 3169 an
1255 3098 1354 3169 ossa?

225 3211 294 3297 nil,
321 3220 361 3284 ut
386 3214 528 3309 opinor,
555 3215 618 3286 ubi
644 3240 684 3286 ex
711 3240 822 3312 aequo
848 3239 901 3286 res
926 3214 1087 3286 funditus
1113 3215 1228 3286 omnis

129 3345 178 3396 855
224 3335 294 3398 tarn
322 3329 476 3400 mortalis
501 3331 566 3401 erit
593 3356 697 3426 quam
726 3355 815 3426 quae
841 3330 1024 3401 manifesta
1048 3329 1208 3401 videmus

225 3467 267 3513 ex
292 3443 402 3514 oculis
428 3445 552 3516 nostris
578 3444 697 3542 aliqua
722 3446 756 3517 vi
783 3445 873 3517 victa
899 3445 1031 3541 perire.

226 3563 261 3628 at
286 3583 400 3654 neque
426 3560 598 3631 reccidere
625 3561 668 3632 ad
695 3560 808 3631 nilurn
835 3586 887 3632 res
913 3586 1010 3657 posse
1036 3585 1150 3657 neque
1177 3568 1294 3632 autern

226 3697 376 3745 crescere
403 3675 446 3745 de
473 3674 544 3746 nilo
572 3683 677 3747 testor
703 3680 756 3748 res
781 3686 861 3749 ante
887 3664 1066 3774 probatae.

227 3797 403 3884 praeterea
429 3791 595 3886 quoniam
623 3793 723 3864 cibus
749 3800 852 3889 auget
878 3818 1003 3889 corpus
1029 3792 1181 3888 alitque,

130 3923 181 3974 seo
226 3905 313 3975 sciro
340 3904 420 3977 licet
447 3906 547 3978 nobis
572 3932 676 3978 venas
701 3916 735 3978 et
761 3933 914 4003 sanguen
942 3915 976 3979 et
1002 3932 1076 3978 ossa

174 4081 249 4143 834.
281 4095 387 4146 Dururn
408 4094 595 4146 anacoluthon
614 4094 702 4162 (quom
721 4095 783 4145 dicit
801 4095 867 4144 b...
887 4111 944 4146 osso
960 4103 1035 4162 putot
1050 4094 1136 4163 piper)
1155 4111 1187 4147 oo
1204 4096 1357 4162 mitigatur,

130 4181 204 4250 quod
234 4182 305 4235 illud
331 4191 407 4251 putot
433 4183 506 4250 (839)
526 4188 581 4234 tarn
601 4183 684 4250 louge
704 4184 738 4234 ab
758 4183 809 4235 lroo
830 4200 908 4235 versu
929 4184 1020 4235 distat.
1067 4171 1142 4232 837·
1186 4184 1274 4236 Viscus
1294 4183 1357 4235 Luc.

130 4287 283 4338 numquam
303 4271 369 4322 dicit
388 4277 460 4332 exta,
480 4271 526 4322 scd
547 4271 683 4338 quidquid
704 4273 775 4322 iuter
795 4288 855 4324 ossa
874 4276 899 4323 et
919 4278 1007 4323 cutem
1025 4273 1080 4321 vivi
1092 4273 1271 4339 corporisest.
1292 4269 1357 4322 Coro

131 4375 188 4411 non
208 4359 311 4426 legitur
329 4362 382 4412 nisi
403 4360 480 4422 aaut
501 4365 529 4411 el
548 4360 600 4411 969
619 4360 775 4427 diciturque
794 4361 827 4412 de
847 4376 886 4422 cc,
903 4361 977 4426 qnod
988 4362 1046 4427 igni
1059 4365 1166 4412 assatur
1177 4361 1220 4412 vel
1230 4361 1358 4428 coquitur

131 4450 161 4498 iu
190 4464 271 4515 aqua.
317 4437 391 4499 841.
430 4450 529 4516 ignibus
548 4467 577 4500 cc·
596 4450 662 4517 ipnis
682 4451 699 4500 i.
719 4465 741 4500 e.
762 4466 796 4500 ex
816 4450 928 4516 ignibus
947 4451 1034 4516 ignes.
1072 4436 1146 4503 848.Ι
1184 4450 1358 4517 siprimordiq

132 4545 190 4592 aaut
208 4538 226 4593 i.
246 4554 269 4593 c.
292 4540 313 4588 si
334 4539 446 4611 quidem
468 4538 616 4610 primordia
636 4544 706 4590 recto
726 4538 779 4589 dici
800 4542 921 4612 possunt,
941 4554 1083 4612 quae...⁸
1216 4521 1222 4527 ⁸
