3096 5002
359 481 454 552 unde
480 507 594 578 neque
620 480 721 554 avelli
747 481 939 579 quicquam
966 507 1081 580 neque
1106 479 1266 556 deminui
1292 482 1362 557 iam

359 597 521 670 concedit
545 605 671 670 natura
696 623 871 670 reservans
896 598 1030 670 semina
1055 600 1177 671 rebus.

261 734 313 785 615
359 722 536 810 praeterea
561 715 628 785 nisi
654 715 721 786 erit
747 714 955 799 minimum,
983 715 1184 812 parvissima
1210 740 1372 813 quaeque

359 854 502 925 corpora
528 830 737 901 constabunt
762 856 802 902 ex
830 830 988 927 partibus
1013 830 1183 914 infinitis3

359 946 491 1043 quippe
518 946 580 1017 ubi
606 946 775 1017 dimidiae
802 947 908 1043 partis
934 971 1013 1043 pars
1037 971 1174 1043 semper
1200 946 1343 1018 habebit

358 1061 543 1133 dimidiam
573 1071 726 1159 partem,
753 1087 817 1133 nec
843 1087 897 1132 res
922 1062 1103 1157 praefiniet
1130 1060 1219 1133 ulla.

358 1202 439 1273 ergo
465 1202 581 1249 rerum
608 1177 699 1249 inter
724 1203 897 1248 summam
927 1177 1182 1273 minimamque
1208 1177 1294 1273 quid
1322 1177 1434 1249 escit?

357 1293 409 1364 nil
435 1295 501 1366 erit
525 1304 566 1365 ut
592 1293 717 1366 distet:
746 1319 827 1364 nam
854 1293 1014 1389 quamvis
1038 1292 1200 1364 funditus
1225 1293 1339 1363 omnis

357 1434 496 1481 summa
520 1410 565 1480 sit
590 1409 747 1494 infinita,
774 1418 910 1493 tamen,
938 1409 1140 1505 parvissima
1166 1433 1255 1504 quae
1281 1417 1382 1493 sunt,
1428 1412 1431 1415 ’

358 1550 399 1596 ex
426 1525 575 1596 infinitis
601 1525 810 1597 constabunt
835 1526 994 1622 partibus
1019 1550 1147 1621 aeque.

358 1639 453 1735 quod
480 1641 647 1736 quoniam
674 1642 761 1712 ratio
787 1640 953 1713 reclamat
979 1665 1057 1712 vera
1083 1646 1257 1736 negatque

358 1754 497 1826 credere
525 1780 622 1851 posse
648 1756 827 1840 animum,
855 1756 966 1827 victus
991 1755 1118 1827 fateare
1144 1763 1312 1827 necessest

297 1892 308 1915 ·'
356 1895 427 1941 esse
452 1896 493 1942 ea
518 1897 607 1966 qnae
634 1870 740 1942 nullis
766 1872 837 1942 iam
863 1871 1020 1967 praedita
1046 1871 1205 1967 partibus
1231 1878 1349 1942 extent

356 1994 390 2057 et
416 1986 562 2058 minima
589 1995 746 2058 constent
771 2002 913 2059 natura.
942 2011 1031 2082 qnae
1057 1986 1225 2082 quoniam
1252 1994 1355 2071 sunt,

356 2100 417 2172 illa
442 2126 583 2198 quoque
609 2128 680 2174 esse
706 2102 772 2174 tibi
798 2101 909 2174 solida
934 2110 1038 2197 atque
1064 2109 1203 2173 aeterna
1228 2101 1433 2173 latendum.

356 2215 509 2312 denique
535 2217 563 2288 si
589 2218 753 2288 minimas
779 2218 816 2288 in
843 2217 951 2313 partis
976 2224 1102 2288 cuncta
1127 2215 1249 2288 resolvi

356 2357 477 2428 eogere
503 2341 697 2405 consuesset
723 2358 840 2404 rerum
867 2343 992 2405 natura
1017 2335 1181 2417 creatrix,

360 2447 428 2518 iam
456 2447 507 2518 nil
533 2474 573 2520 ex
600 2448 670 2520 illis
695 2449 817 2520 eadem
844 2474 1002 2545 reparare
1028 2448 1156 2521 valeret

357 2571 537 2659 propterea
563 2565 665 2660 quia,
693 2589 782 2660 quae
808 2564 915 2635 nullis
940 2572 1022 2635 sunt
1049 2563 1208 2660 partibus
1233 2571 1353 2648 aucta,

356 2702 424 2748 non
452 2690 595 2775 possunt
621 2705 776 2776 eaquae
802 2679 906 2751 debet
930 2678 1092 2776 genitalis
1118 2679 1245 2750 habere

356 2794 533 2878 materies,
561 2795 671 2866 varios
697 2820 865 2879 conexus,
893 2794 1065 2891 pondera,
1093 2793 1257 2890 plagas,—

356 2934 562 2994 concursus,
591 2919 724 2995 motus,
751 2935 813 3007 per
828 2935 928 3038 'quae
954 2936 1007 2982 res
1032 2935 1193 3006 quaeque
1218 2917 1390 3005 geruntur

258 3042 309 3093 635
404 3023 626 3122 Quapropter
639 3026 701 3169 qui
716 3026 895 3098 materiem
905 3051 1022 3098 rerum
1032 3050 1103 3097 esse
1113 3033 1283 3123 putarunt
1362 3058 1544 3168 nomgnqn

1341 3131 1433 3167 rerum
1453 3131 1495 3167 tna
1519 3115 1548 3165 l'l

302 3305 377 3367 615.
414 3317 546 3368 minimum
565 3334 600 3369 se.
617 3318 849 3371 mathematicum.
895 3307 970 3368 6¹8.
1006 3316 1143 3385 praefiniet
1159 3318 1178 3368 i.
1189 3333 1212 3368 e.
1222 3315 1409 3369 cohibebitsc.
1419 3315 1485 3367 divi·

258 3407 372 3458 sionem.
419 3395 492 3457 619.
530 3407 590 3457 escit
616 3409 758 3474 antiquius
788 3424 836 3475 pro
863 3408 918 3458 erit
964 3394 1039 3456 620.
1076 3406 1115 3456 nil
1141 3406 1189 3457 erit
1214 3413 1241 3455 at
1267 3405 1372 3456 distet'
1365 3422 1384 3456 ι.
1403 3421 1426 3457 e.
1445 3403 1485 3455 nil

258 3494 380 3557 distabit,
400 3494 466 3545 nil'
459 3498 586 3547 intererit
604 3512 639 3547 sc.
660 3498 731 3548 inam
751 3513 804 3548 eas.
841 3494 897 3547 cfr.
918 3494 996 3557 3515
1015 3495 1085 3546 leand
1102 3494 1149 3546 ein't
1167 3495 1313 3562 utposaiat.
1347 3481 1421 3543 627.
1441 3493 1486 3544 itta

257 3599 293 3635 se.
314 3584 472 3651 primordia,
491 3601 561 3651 quae
581 3584 670 3636 solida
689 3601 747 3636 esse
766 3585 830 3636 Luc.
849 3584 1020 3637 demens
964 3590 1028 3637 ra
1066 3585 1123 3637 Hoc
1143 3589 1306 3653 argumento
1327 3582 1484 3635 nihilaliud

258 3672 462 3724 demonstratur
482 3675 535 3724 nisi
555 3679 644 3741 partes
664 3675 801 3736 minimas,
821 3691 856 3725 ex
875 3675 977 3741 quibus
996 3680 1101 3726 atomos
1120 3678 1244 3726 constare
1265 3673 1392 3740 proximo
1406 3688 1485 3741 argn-

259 3765 351 3813 mento
378 3761 442 3812 Luc.
471 3761 572 3823 docuit,
601 3778 694 3813 revera
722 3779 788 3814 esse.
826 3763 887 3814 lure
916 3765 1002 3830 igitur
1030 3768 1112 3830 poeta
1140 3762 1344 3815 conclusionem
1365 3762 1484 3829 proximi

258 3851 414 3917 argumenti
445 3849 509 3900 huic
537 3850 622 3901 addit.
669 3838 744 3901 628.
782 3851 901 3902 nainimns
925 3860 1012 3918 portes
1040 3853 1057 3902 i.
1087 3868 1109 3903 e.
1138 3852 1222 3903 atomi
1252 3855 1350 3918 partes,
1371 3851 1485 3901 minima
1538 3843 1541 3849 ’

259 3939 459 3991 mathematica.
506 3925 580 3988 629.
618 3941 733 3991 creante.
771 3939 827 3991 Hoc
855 3940 996 4006 epitheton
1025 3940 1051 3990 h.
1080 3940 1099 3991 l.
1125 3957 1180 3992 non
1200 3941 1258 3991 sine
1278 3954 1360 3990 causa
1379 3938 1486 3990 addidit

259 4033 347 4095 poeta.
393 4016 467 4076 631.
505 4036 580 4078 aucto
606 4030 623 4079 i.
644 4045 666 4079 e.
687 4028 818 4095 praedita,
840 4032 869 4079 ut
888 4029 966 4089 3,626
986 4034 1011 4080 et
1031 4029 1119 4090 5523.
1166 4016 1240 4078 632.
1277 4028 1367 4079 lubere
1385 4029 1484 4096 iungas

258 4122 285 4167 et
303 4132 364 4166 cnm
380 4125 487 4184 possunt
505 4121 532 4167 et
550 4133 612 4166 cum
631 4116 706 4167 dedet.
753 4105 827 4165 633.
867 4116 979 4168 (Tanarus
997 4126 1094 4168 conecto
1113 4117 1217 4168 conmua
1235 4117 1336 4168 coniveo
1352 4117 1485 4168 conubium

258 4206 296 4255 sic
315 4205 458 4256 scribenda
477 4209 542 4256 sunt
562 4205 652 4256 littera
671 4223 688 4254 n
707 4221 761 4257 non
782 4205 930 4273 duplicata.
977 4195 1052 4256 635.
1089 4214 1241 4274 quapropter
1259 4205 1435 4258 referendum
1446 4210 1486 4258 eet

258 4292 292 4344 ad
312 4299 397 4345 totam
416 4294 676 4346 demonstrationem
688 4293 721 4345 de
731 4294 869 4346 soliditate
880 4301 1033 4347 atomorum
1044 4295 1217 4362 (aas-634),
1227 4310 1344 4362 quarum
1357 4300 1485 4346 naturam

258 4381 331 4433 dixit
349 4398 405 4434 esse
426 4398 480 4435 non
500 4382 611 4435 mollem
631 4384 764 4450 (565-73
775 4402 782 4445 ;
802 4385 850 4435 cfr.
870 4385 1004 4451 imprimis
1025 4401 1049 4435 v.
1069 4385 1139 4452 567),
1159 4399 1214 4436 non
1235 4383 1373 4452 fragilem,
1388 4385 1486 4436 immn-

259 4470 371 4521 tabilem
391 4472 454 4538 (584
472 4472 551 4539 sqq).
