3096 5002
249 190 292 236 ne
318 164 405 236 forte
431 164 515 236 haec
543 190 603 262 per
629 191 664 237 se
690 174 816 262 cogant
841 191 903 237 nos
928 191 999 237 esse
1025 166 1144 251 fateri,

249 280 390 376 quando
416 306 455 351 ea
477 281 587 352 saecla
601 281 800 365 hominurn,
817 306 968 377 quorum
983 281 1066 352 haec
1080 289 1203 353 eventa
1217 280 1373 353 fuerunt.

249 395 490 466 inrevocabilis
516 396 698 467 abstulerit
724 397 792 467 ianr
822 396 1007 492 praeterita
1034 404 1148 468 aetas:

251 536 404 607 namque
429 511 511 582 viris
537 510 644 595 aliut,
672 511 760 583 aliut
786 512 988 608 regionibus
1014 511 1098 609 ipsis

251 635 414 698 eventum
441 627 511 698 dici
538 628 665 724 poterit
691 627 940 723 quodcumque
966 628 1032 699 erit
1058 635 1111 699 aot
1142 653 1194 698 m.

251 742 404 838 denique
431 743 590 814 materies
615 743 643 813 si
670 768 786 814 rerum
814 743 911 814 nulla
937 742 1076 826 fuisset,

249 883 312 929 nec
338 857 434 929 locus
460 884 498 929 ac
524 859 695 954 spatium,
723 883 776 929 res
802 859 836 928 in
867 884 937 954 quo
965 883 1125 954 quaeque
1151 866 1280 954 gerunt
1308 884 1343 942 r,

249 999 444 1069 numquam
471 974 681 1070 Tyndaridis
706 973 836 1045 tonnae
863 974 1033 1045 conflatus
1059 998 1176 1044 amore

249 1089 360 1185 igniS,
387 1089 578 1161 Alexandri
605 1089 756 1186 Phrygio
783 1090 848 1161 sub
875 1098 1013 1185 pectore
1038 1089 1205 1186 gliscenS,

249 1203 341 1275 clara
366 1205 577 1276 accendisset
602 1205 692 1276 saevi
719 1205 908 1276 certamina
934 1205 1038 1289 belli,

250 1344 313 1390 nec
340 1318 428 1391 clam
456 1320 621 1392 durateus
647 1319 819 1391 Troiianis
844 1321 1012 1416 Pergama
1039 1329 1140 1417 partu

251 1433 498 1507 inflammasset
524 1461 631 1532 equos
657 1445 827 1508 nocturno
853 1437 1170 1533 Graiiugenarum;

251 1551 444 1647 perspicere
471 1559 510 1623 ut
537 1553 644 1648 possis
669 1577 722 1623 res
747 1561 858 1648 gestas
884 1552 1044 1623 funditus
1070 1552 1184 1623 omnis

252 1690 320 1736 non
348 1666 396 1737 ita
421 1667 474 1737 uti
501 1692 626 1764 corpus
652 1692 712 1764 per
738 1693 773 1738 se
800 1679 954 1738 constare
981 1692 1095 1763 neque
1121 1693 1211 1752 esse,

254 1804 316 1851 nec
342 1781 475 1852 ratione
501 1782 616 1853 cluere
642 1782 764 1853 eadem
791 1808 860 1877 qua
887 1791 1018 1853 constet
1044 1783 1166 1867 inane,

253 1895 313 1966 sed
340 1896 449 1992 magis
475 1905 515 1967 ut
541 1897 664 1968 merito
691 1897 799 1993 possis
824 1905 946 1968 eventa
971 1922 1091 1969 vocare

253 2011 423 2107 eorporis,
451 2020 555 2109 atque
582 2013 667 2097 loci,
695 2038 747 2084 res
772 2013 806 2083 in
836 2038 906 2109 quo
933 2038 1093 2108 quaeque
1118 2020 1301 2109 gerantur.

300 2127 453 2224 Corpora
478 2136 560 2199 sunt
585 2153 686 2225 porro
713 2128 839 2225 partim
867 2128 1059 2224 primordia
1084 2153 1221 2213 rerum,
1249 2125 1421 2251 rripqrdig

252 2243 376 2338 partim
406 2242 553 2315 concilio
579 2269 668 2339 quae
693 2251 851 2315 constant
876 2244 1149 2341 principiorum.
1269 2217 1421 2323 soillirn

253 2358 312 2429 sed
339 2384 428 2454 quae
454 2367 535 2430 sunt
560 2384 676 2431 rerum
704 2359 914 2457 primordia,
942 2360 1040 2430 nulla
1066 2366 1178 2455 potest
1204 2359 1255 2430 vis

253 2475 445 2570 stinguere:
474 2501 553 2547 nam
582 2475 692 2547 solido
718 2475 864 2546 vincunt
889 2501 929 2546 ea
955 2499 1096 2570 corpore
1123 2474 1288 2545 demum.

161 2580 162 2583 ¹
256 2590 319 2662 etsi
346 2590 488 2662 difficile
514 2616 585 2662 esse
610 2590 749 2662 videtur
775 2590 913 2661 eredere
940 2590 1131 2686 quicquam

256 2705 292 2776 in
320 2706 424 2777 rebus
450 2706 560 2777 solido
586 2706 730 2802 reperiri
757 2730 898 2802 corpore
925 2730 1040 2801 posse.

254 2822 377 2892 transit
402 2821 497 2893 enim
524 2821 658 2893 fulmen
686 2820 772 2893 caeli
800 2846 860 2917 per
887 2828 1004 2917 saepta
1030 2821 1215 2892 domorum

156 2957 209 3008 490
254 2938 384 3010 clamor
409 2945 450 3010 ut
475 2964 514 3010 ac
540 2964 656 3023 voceS,
684 2938 814 3009 ferrum
842 2937 1017 3008 candescit
1042 2936 1078 3006 in
1105 2936 1199 3032 igni,

255 3053 502 3149 dissiliuntque
528 3053 600 3126 fero
626 3054 771 3126 ferventi
798 3080 877 3125 saxa
904 3078 1050 3150 vapore:

157 3233 291 3300 placuisse
320 3234 374 3283 aiio
403 3233 567 3298 Maiiamque
596 3233 736 3299 geminata
764 3232 775 3280 ι’
802 3229 945 3281 scribere.''
985 3231 1023 3280 Ea
1042 3200 1184 3296 antiquior
1203 3231 1339 3297 scriptura
1358 3234 1379 3280 et

157 3322 350 3388 manuscriptis
369 3326 395 3372 et
406 3321 631 3388 inscriptionibus
643 3321 722 3372 nobis
733 3320 833 3371 tradita
843 3323 891 3370 est.
931 3307 1008 3367 468.
1055 3319 1183 3370 abstulerit
1192 3320 1379 3371 coniunctivus

156 3411 288 3463 orationis
317 3410 455 3476 obliquae.
498 3397 574 3457 469.
622 3409 693 3458 aliut.
721 3408 823 3459 Littera
851 3417 861 3458 t
884 3408 1022 3459 interdum
1042 3407 1179 3474 syllabam
1200 3408 1335 3474 producit,
1355 3416 1382 3460 ut

157 3499 216 3561 aar
240 3498 327 3567 sarpa
359 3504 385 3549 a
411 3499 507 3560 5,1049
525 3498 606 3549 sura.
653 3485 728 3546 476.
774 3497 891 3548 auratas
912 3499 952 3547 ae.
973 3484 1153 3570 δουράτεος.
1202 3495 1286 3563 Odys.
1306 3497 1382 3558 snm

158 3599 266 3658 ἵππου
286 3593 410 3676 κόσμον
424 3589 533 3658 ἄεισον
546 3593 731 3678 δουρατέου,
746 3590 803 3655 τὸν
813 3583 942 3663 Ἐπειὸς
954 3591 1109 3679 ἐποίησεν
1122 3589 1183 3657 σύν
1193 3583 1327 3679 Ἀθήνῃ.
1343 3632 1353 3639 -
1371 3632 1384 3640 -

157 3703 222 3752 clena
244 3701 383 3752 Troiianis.
428 3688 503 3750 477.
551 3717 622 3766 equos
642 3701 684 3750 ie.
704 3714 799 3765 equus.
842 3685 917 3745 480.
964 3698 1044 3749 cluere
1065 3700 1107 3749 ie.
1127 3698 1179 3748 dici
1201 3714 1236 3749 sc.
1252 3685 1386 3752 constare.

158 3789 297 3840 —eodem
317 3795 357 3841 est
375 3789 491 3841 duarum
512 3789 697 3856 syllabarum3
717 3789 765 3838 cfr.
785 3786 818 3837 ad
839 3787 899 3837 306.
937 3774 1003 3835 483
1024 3802 1064 3853 sq.
1084 3787 1158 3870 lipia.
1179 3786 1222 3838 ad.
1240 3787 1388 3841 Herod.40

157 3880 222 3942 coir
253 3878 413 3960 σωμάτων
445 3877 485 3942 τὰ
515 3882 574 3959 μέν
598 3877 666 3940 ἐστι
690 3877 878 3962 συγκρίσεις,
904 3874 944 3939 τὰ
967 3869 1000 3937 d'
1025 3875 1057 3951 ἐξ
1079 3875 1124 3939 aiv
1149 3877 1185 3938 αἱ
1205 3877 1389 3961 συγκρίσεις

158 3969 366 4056 πεποίηνῐαι.
405 3973 481 4034 490.
516 3993 544 4034 ut
561 4000 596 4035 sc.
617 3989 672 4035 tam
693 3983 1076 4035 volubiliteracsinelabore.
1110 3970 1185 4030 491.
1221 3998 1302 4050 uapor
1312 3986 1390 4051 apud

158 4075 220 4126 Luc.
240 4091 346 4142 semper
365 4076 435 4143 sign.
455 4074 587 4134 calorem3
608 4089 691 4143 quem
712 4073 854 4124 materiam
874 4088 931 4123 esse
950 4070 1037 4133 docet,
1058 4088 1092 4124 sc.
1110 4071 1230 4126 calidum
1244 4086 1389 4142 vaporem.

157 4164 212 4216 Cir.
232 4165 391 4227 asca-43.
411 4165 561 4227 6,858.876.
