3096 5002
76 584 82 596 ·
154 558 235 629 ergo
262 531 289 604 si
316 529 426 604 solida
452 558 491 604 ac
517 531 591 603 sine
617 532 714 604 inani
740 557 883 629 corpora
909 532 1023 628 prima

154 657 235 720 sunt
261 649 310 720 ita
335 649 388 721 uti
414 648 530 734 docui,
557 649 626 720 sint
652 649 736 720 haec
762 656 900 720 aeterna
925 656 1111 720 necessest,

52 784 109 835 540
202 765 380 837 Praeterea
405 764 473 836 nisi
500 765 659 837 materies
684 775 822 836 aeterna
848 763 986 847 fuisset,

156 880 301 952 antehac
328 880 371 952 ad
398 880 510 952 nilum
540 881 680 977 penitus
705 905 758 952 res
784 905 943 976 quaeque
969 879 1156 964 redissent,

156 996 199 1068 de
225 996 368 1093 niloque
394 1005 512 1069 renata
538 996 651 1068 forent
677 1021 920 1092 quaecumque
947 995 1123 1066 videmus.
1224 990 1227 994 ’

156 1124 191 1184 at
217 1113 384 1209 quoniam
410 1137 515 1209 supra
541 1111 645 1182 docui
673 1111 722 1182 nil
750 1136 846 1208 posse
872 1111 980 1183 creari

156 1228 200 1300 de
226 1228 298 1299 nilo
325 1253 438 1323 neque
465 1227 559 1324 quod
585 1227 744 1324 genitum
770 1234 820 1299 est
846 1226 890 1297 ad
916 1225 967 1297 nil
993 1225 1163 1310 revocari,

56 1364 110 1414 545
156 1369 227 1415 esse
253 1343 443 1415 immortali
470 1343 660 1440 primordia
688 1368 829 1439 corpore
855 1342 1003 1426 debent,

157 1459 302 1530 dissolui
329 1483 399 1555 quo
426 1484 586 1555 quaeque
612 1483 775 1556 supremo
801 1467 957 1554 tempore
984 1457 1134 1555 possint,

158 1576 318 1647 materies
343 1583 383 1646 ut
408 1575 610 1671 subpeditet
634 1575 738 1646 rebus
764 1574 982 1671 reparandis.

157 1699 239 1763 sunt
265 1691 372 1787 igitur
397 1690 507 1762 solida
533 1690 725 1787 primordia
750 1689 992 1787 simplicitate,

79 1819 81 1824 '
158 1831 221 1878 nec
248 1806 381 1878 ratione
407 1813 543 1902 queunt
568 1805 646 1877 alia·
662 1813 793 1877 servata
819 1831 881 1902 per
907 1831 1026 1877 aevom

59 1943 113 1992 550
157 1947 198 1993 ex
225 1921 363 1993 infinito
388 1921 457 1992 iam
485 1930 640 2018 tempore
666 1946 718 1993 res
744 1947 920 2019 reparare.

160 2037 312 2133 denique
338 2037 367 2108 si
393 2036 528 2109 nullam
556 2039 661 2109 finem
688 2045 812 2109 natura
838 2044 990 2133 parasset

159 2153 360 2250 frangendis
385 2154 499 2238 rebus,
527 2154 596 2226 iam
624 2178 766 2251 corpora
793 2153 950 2225 materiai

81 2293 83 2297 ’
160 2295 271 2365 usque
298 2269 435 2342 redacta
460 2270 573 2342 forent
598 2295 680 2342 aevo
706 2270 886 2366 frangente
912 2268 1045 2365 priore,

160 2393 200 2456 ut
226 2384 277 2456 nil
302 2410 343 2456 ex
368 2385 438 2460 iilis
464 2411 483 2457 a
509 2394 601 2458 certo
627 2394 782 2482 tempore
808 2392 921 2480 posset

160 2508 368 2596 conceptum
395 2525 552 2573 summae
578 2501 698 2573 aetatis
724 2499 910 2597 pervadere
936 2501 1019 2571 fine.

161 2639 243 2686 narn
270 2615 410 2712 quidvis
436 2617 539 2688 citius
565 2616 705 2688 dissolvi
732 2642 828 2713 posse
856 2615 1014 2688 videmus

164 2755 267 2826 quam
297 2756 415 2803 rursus
441 2733 554 2817 refici;
583 2740 794 2829 quapropter
821 2733 923 2828 longa
948 2731 1019 2803 diei

162 2845 300 2918 infinita
326 2854 417 2919 aetas
443 2856 522 2920 ante
548 2848 616 2919 acti
641 2849 808 2946 temporis
833 2849 946 2920 omnis

163 2961 257 3057 quod
284 2963 440 3059 fregisset
465 2963 581 3036 adhuc
607 2963 808 3036 disturbans
833 2963 1115 3059 dissoluensque,

163 3102 358 3174 numquam
386 3079 516 3151 relicuo
541 3080 693 3176 reparari
719 3088 874 3177 tempore
901 3085 1030 3176 posset.

163 3200 198 3265 at
223 3219 337 3278 nunc,
365 3195 554 3280 nimirum,
581 3196 764 3293 frangendi
791 3195 928 3267 reddita
953 3195 1032 3266 finis

164 3316 256 3381 certa
283 3318 417 3395 manet,
445 3312 613 3407 quoniam
639 3311 734 3383 refici
761 3337 833 3383 rem
861 3335 1039 3406 quamque
1064 3308 1223 3380 videmus

163 3432 197 3497 et
223 3425 322 3496 finita
348 3425 454 3498 simul
479 3427 671 3523 generatim
697 3435 854 3524 tempora
880 3426 984 3498 rebus
1184 3426 1186 3433 ’

164 3549 272 3625 stare,
300 3542 431 3637 quibus
456 3543 588 3640 possint
614 3545 688 3615 aevi
715 3543 914 3640 contingere
940 3542 1079 3614 florem.

111 3776 186 3837 543.
223 3789 326 3856 Supra:
353 3787 405 3839 149
433 3803 492 3855 sqq.
536 3775 611 3837 548.
654 3788 737 3840 solida
764 3788 915 3856 siraplicitar
942 3785 1125 3848 abundanter,
1155 3790 1185 3837 ut
1212 3785 1290 3846 solet,

66 3877 130 3928 Luc.
150 3877 233 3939 dicit3
253 3879 301 3928 cfr.
321 3876 373 3927 510
392 3881 419 3927 et
438 3876 489 3927 538
507 3876 590 3928 solido
609 3893 640 3927 ac
657 3877 712 3928 aine
730 3876 812 3927 inani.
849 3876 961 3943 Simplex
979 3877 1051 3926 enim
1069 3874 1141 3942 quod
1159 3880 1208 3936 est,
1219 3873 1290 3925 idem

66 3972 107 4018 est
125 3967 249 4030 solidum,⁸
268 3982 333 4016 nam
352 3965 471 4017 solidum
492 3970 540 4027 est,
560 3964 632 4032 quod
654 3966 712 4016 sine
731 3966 808 4016 inani
829 3970 886 4026 est3
905 3964 1024 4032 simplex
1043 3962 1293 4030 est,quodconstot

67 4080 123 4115 una
152 4080 179 4114 re
207 4069 290 4130 atique
316 4065 402 4131 igitur
426 4065 485 4114 sine
504 4063 580 4114 inani
601 4068 649 4114 est.
695 4059 771 4120 555.
807 4078 905 4114 sunnam
930 4070 999 4113 aetas
1018 4063 1060 4112 ie.
1080 4044 1176 4140 ἀκμή,
1196 4060 1293 4112 adulta

66 4166 150 4223 aetas,
169 4162 217 4212 ubi
238 4178 279 4213 res
300 4178 347 4212 nee
367 4163 462 4212 crescit
481 4177 529 4212 nec
549 4160 687 4212 decrescit.
707 4191 741 4198 -
754 4159 811 4227 ¹sine
830 4162 872 4210 i.e.
884 4164 971 4221 tenus,
984 4158 1110 4221 niteat.
1145 4146 1220 4208 557.
1241 4158 1294 4209 diei
1358 4154 1360 4158 ⁴

66 4259 137 4302 aetus
165 4255 205 4302 cst
233 4252 250 4302 i.
279 4267 305 4317 q.
334 4256 416 4301 aetas.
448 4248 503 4301 cfr.
523 4248 594 4301 Geli.
614 4248 692 4310 9,14:
714 4249 836 4303 tEunius
855 4248 909 4299 dies
927 4249 1036 4315 scripsit
1055 4264 1104 4315 pro
1123 4248 1176 4299 diei
1193 4250 1221 4299 in
1242 4247 1293 4299 hoc

66 4355 147 4391 versu
172 4348 297 4407 postremo
325 4339 460 4406 lonqinquo
484 4338 537 4389 dies
559 4338 696 4406 confecerit
713 4337 808 4389 uetus''.
854 4324 929 4387 560.
966 4336 1073 4388 relicuus
1091 4337 1164 4405 apud
1184 4337 1247 4389 Luc.
1267 4341 1294 4388 et

67 4430 239 4495 antiquiores
277 4431 423 4495 scriptores
456 4443 563 4495 semper
591 4432 632 4479 est
658 4432 790 4494 quattuor
818 4425 998 4494 syllabarum.
1044 4413 1119 4475 563.
1154 4427 1293 4494 generatim

66 4519 138 4569 rebar
157 4519 199 4568 ai.
219 4517 337 4585 singulis
357 4533 446 4569 rerum
468 4517 623 4584 generibus.
