3096 5002
351 440 529 513 interdum
557 443 679 539 rapido
701 469 909 541 percurrens
935 446 1076 518 turbine
1102 471 1242 543 campos

352 556 534 628 arboribus
560 559 695 655 magnis
720 560 842 632 sternit
867 561 1066 657 montisque
1091 586 1272 658 supremos
1319 616 1323 622 -

352 670 536 768 silvifragis
561 683 660 746 vexat
685 675 821 747 flabris:
849 676 895 747 ita
924 676 1073 772 perfurit
1098 677 1168 748 acri

353 813 433 858 cum
461 788 603 861 fremitu
630 790 807 887 saevitque
834 791 962 862 minaci
991 817 1171 864 murmure
1197 800 1345 889 pontus.

353 911 435 975 sunt
460 905 569 1000 igitur
595 906 707 991 venti,
735 907 771 977 ni
799 907 949 993 mirum,
977 933 1120 1004 corpora
1143 934 1264 993 caeca,

353 1043 443 1114 quae
469 1045 581 1106 mare,
609 1047 699 1118 quae
726 1031 849 1108 terras,
877 1049 967 1120 quae
993 1024 1146 1121 denique
1172 1025 1295 1097 nubila
1322 1026 1410 1098 caeli

354 1143 497 1206 verrunt
523 1161 561 1207 ac
587 1137 704 1210 subito
730 1141 889 1212 vexantia
914 1141 1056 1213 turbine
1081 1149 1239 1238 raptant,

354 1273 417 1320 neo
443 1250 576 1324 ratione
601 1252 719 1326 fluunt
744 1255 811 1327 alia
837 1262 1057 1353 stragemque
1083 1264 1293 1354 propagant,

354 1375 494 1436 etcum
523 1368 638 1439 mollis
664 1395 774 1465 aquae
800 1370 910 1443 fertur
936 1380 1060 1443 natura
1086 1380 1227 1469 repente

355 1479 502 1553 flumine
529 1483 743 1571 abundanti,
771 1512 876 1583 quom
905 1486 1009 1584 largis
1034 1487 1209 1559 imbribus
1233 1496 1348 1585 urget

357 1596 536 1669 montibus
562 1624 602 1670 ex
629 1600 707 1672 altis
733 1627 882 1698 magnus
907 1602 1073 1675 decursus
1098 1604 1221 1699 aquai,

356 1709 528 1807 fragmina
554 1715 728 1787 coniciens
754 1717 920 1789 silvarum
946 1718 1158 1815 arbustaque
1184 1726 1275 1804 tota;

356 1851 419 1897 nec
446 1827 553 1899 validi
580 1838 871 1928 possunt'pontes
896 1834 1066 1906 venientis
1091 1835 1195 1931 aquai

357 1940 428 2012 vim
455 1943 608 2015 subitam
634 1946 798 2019 tolerare:
826 1948 875 2019 ita
903 1974 1027 2045 magno
1053 1950 1218 2022 turbidus
1244 1949 1351 2021 imbri

359 2057 510 2130 molibus
535 2060 701 2148 incurrit,
729 2063 853 2135 validis
879 2089 960 2135 eum
986 2064 1138 2150 viribus,
1166 2066 1297 2150 amnia,
1434 2159 1439 2164 .

358 2172 418 2244 dat
443 2174 559 2246 sonitu
586 2202 712 2273 magno
738 2187 906 2275 stragem,
934 2179 1110 2276 volvitque
1134 2180 1202 2257 sub
1228 2180 1334 2252 undis
1430 2193 1432 2199 '
1459 2166 1466 2171 ’

357 2281 504 2384 grandia
529 2316 627 2377 saxa,
654 2293 726 2365 ruit
751 2319 822 2390 qua
848 2295 1019 2391 quicquid
1046 2296 1213 2367 fluetibus
1238 2296 1370 2368 obstat.

261 2421 313 2473 290
357 2404 405 2476 sic
432 2405 540 2502 igitur
565 2407 695 2486 debent
720 2411 813 2481 venti
840 2436 981 2508 quoque
1007 2411 1150 2503 flamina
1175 2411 1276 2497 ferri,

359 2545 449 2616 quae
474 2522 527 2594 vel
553 2523 606 2594 uti
633 2524 788 2597 validum
815 2551 895 2600 oum
924 2526 1056 2599 flumen
1083 2528 1301 2624 procubuere

261 2764 350 2832 differt
367 2764 437 2832 272),
456 2764 595 2816 interdurn
614 2769 707 2816 autem
726 2767 830 2816 saevire
848 2767 877 2816 in
898 2770 971 2817 terra
988 2748 1101 2833 (campos
1120 2765 1251 2816 arboribus
1268 2764 1357 2830 sternit
1372 2765 1426 2816 274
1437 2755 1528 2826 sq),

261 2854 290 2904 in
319 2857 380 2905 aire
407 2852 510 2920 (umores
537 2870 664 2921 supremos
692 2862 764 2905 66667
790 2854 841 2905 275
870 2854 929 2920 sq),
958 2855 986 2904 in
1011 2855 1079 2905 mari
1099 2850 1210 2920 (ventus
1225 2852 1341 2921 perfurit
1358 2853 1417 2905 ucri
1433 2857 1521 2905 curn

256 2943 366 3011 fremitu
384 2951 407 2994 et
420 2951 512 3011 porinus
530 2943 609 2994 suevit
626 2942 723 2994 uriooci
740 2959 865 2993 nrurmure
884 2942 935 2993 275
951 2943 1004 3009 sq.)
1042 2940 1098 2994 Cfr.
1117 2960 1143 2994 v.
1153 2942 1214 2994 278.
1251 2930 1324 2991 277.
1363 2942 1510 2995 Donatus

262 3034 290 3083 76
318 3031 430 3085 scholiis
458 3034 522 3095 6676,
551 3048 621 3099 qnae
649 3033 758 3099 scripsit
776 3030 866 3082 medio
885 3030 994 3083 saeculo
1013 3036 1120 3098 quarte,
1140 3030 1175 3083 ad
1194 3030 1303 3082 Terent.
1323 3031 1395 3082 Eun.
1417 3029 1489 3083 508:

264 3119 360 3176 uSolve
388 3120 508 3172 nimirum
527 3126 554 3173 et
567 3122 614 3175 ,766
633 3137 683 3172 uon
702 3129 737 3173 eat
754 3121 917 3172 mirum....
936 3136 1001 3171 nam
1019 3120 1049 3170 oi
1065 3121 1096 3170 rii
1114 3121 1252 3187 significat
1270 3124 1297 3170 et
1315 3135 1346 3170 ue
1364 3135 1425 3171 non.
1461 3113 1492 3168 m'

262 3225 311 3277 pro
330 3226 361 3260 ne
380 3209 519 3277 Vergilius
540 3208 622 3279 [Aen.
642 3209 666 3272 3,
686 3209 746 3272 686,
766 3210 829 3261 Luc.
850 3210 874 3272 2,
895 3209 963 3272 734;
983 3210 1008 3271 3,
1028 3209 1079 3260 286
1099 3207 1171 3278 alii].
1190 3225 1220 3259 ne
1237 3224 1346 3275 pronon
1357 3208 1482 3260 Plautus:

262 3299 346 3349 nevolt
369 3300 462 3365 inquit
481 3315 529 3366 pro
548 3315 597 3350 uon
616 3299 692 3351 vult.''
712 3331 746 3337 -
765 3315 871 3367 corporo
890 3315 965 3350 caeca
984 3314 1038 3350 non
1059 3302 1226 3360 cernuntnr3
1246 3313 1317 3364 quae
1336 3302 1490 3356 cernuntur,

262 3396 347 3455 aperto
366 3405 468 3455 corpere
486 3387 560 3455 (297)
580 3393 652 3440 sunt.
690 3376 766 3450 280·
804 3395 827 3438 et
862 3389 904 3438 7.6.
924 3403 963 3449 66,
982 3403 1065 3453 qnam
1086 3402 1178 3438 vocem
1198 3386 1340 3437 Lucretius
1360 3375 1496 3437 Catullus*

263 3476 420 3543 Propertius
440 3476 579 3544 Vergilius
598 3476 713 3528 Ovidius
733 3493 787 3529 non
809 3480 942 3544 usurpant
961 3480 1024 3527 ante
1044 3475 1149 3527 litteras
1163 3491 1185 3538 6,
1194 3492 1221 3543 9,
1231 3491 1272 3542 qu,
1284 3476 1337 3525 nisi
1348 3474 1480 3527 interdum

263 3565 291 3614 in
311 3565 453 3631 particulis
471 3565 717 3633 67676766[6,440).
742 3553 816 3636 ι281.
854 3581 935 3631 aquae
953 3572 1046 3615 natura
1065 3566 1107 3615 i.e.
1126 3580 1207 3630 aqua.
1245 3551 1322 3612 284.
1361 3563 1482 3614 coniciens

262 3655 305 3705 ie.
334 3670 390 3704 una
418 3653 537 3705 deiciens
556 3640 753 3721 etpromiscue
773 3658 896 3720 correpta
915 3669 1005 3704 secum
1027 3653 1146 3704 trahens.
1183 3639 1258 3701 287·
1295 3651 1411 3714 molibus,
1437 3651 1483 3703 289

260 3743 374 3810 prandio
401 3759 465 3794 saxa
484 3758 519 3794 66.
539 3744 639 3810 pontis.
676 3729 752 3792 288·
789 3742 835 3792 dot
862 3743 904 3793 i.e.
925 3742 998 3793 16677.
1036 3741 1137 3793 Eodem
1157 3740 1238 3793 modo
1257 3739 1321 3790 Luc.
1340 3739 1409 3791 dicit
1427 3739 1487 3792 dure

262 3831 379 3894 sonitum,
389 3831 518 3898 crepitum,
527 3831 672 3899 sruqoreui,
678 3832 778 3898 potum,
785 3847 897 3899 paurum
909 3829 964 3900 [ie.
975 3828 1100 3898 cessare],
1111 3830 1246 3881 discessum
1258 3827 1314 3898 [76.
1324 3827 1486 3898 discedere],

264 3928 343 3971 motus
374 3919 429 3988 [76.
457 3924 505 3971 667
533 3924 623 3972 motus
651 3921 738 3971 iacere
766 3918 859 3981 alicui,
879 3935 996 3982 movere,
1016 3919 1041 3981 1,
1060 3919 1120 3981 819,
1140 3922 1188 3970 ant
1207 3923 1297 3970 motus
1317 3917 1488 3981 faceresibi,

264 4010 366 4061 moveri
392 4008 416 4069 2,
436 4006 500 4076 311]
521 4007 610 4059 ruinas
631 4006 686 4076 [ie.
705 4013 752 4059 aut
772 4008 883 4060 caedere
903 4011 927 4070 5,
947 4007 1025 4069 1329,
1044 4011 1093 4058 667
1111 4007 1206 4059 cadere
1226 4007 1250 4068 2,
1269 4004 1348 4068 1145;
1367 4006 1393 4067 5,
1413 4005 1490 4076 34η.

264 4085 338 4146 289.
384 4112 434 4163 qua
461 4096 579 4163 quicquid
599 4097 723 4165 fluctibus
750 4097 837 4159 obstat,
867 4095 920 4166 [id]
951 4096 1003 4146 ruit
1036 4096 1127 4147 aucuia.
1156 4126 1188 4133 -
1218 4093 1406 4146 Discernenda
1426 4102 1494 4149 sunt

263 4185 383 4253 quicquid
409 4184 475 4252 (qua
502 4186 590 4238 forma
609 4187 779 4252 antiquiores
798 4187 942 4252 scriptores
962 4184 1101 4235 interdum
1123 4188 1239 4235 utuntur
1259 4198 1307 4250 pro
1326 4181 1444 4250 quicque)
1465 4190 1494 4237 et

263 4273 395 4340 quidquid,
414 4273 489 4340 qnod
507 4274 668 4325 rotationem
688 4279 782 4336 notat;
802 4276 840 4325 ita
858 4273 961 4340 quicque
980 4279 1006 4325 et
1024 4273 1132 4340 quidque
1144 4271 1199 4341 [76.
1210 4269 1338 4339 etquid].
1374 4270 1494 4340 Semper

263 4362 437 4414 scribendum
466 4367 506 4414 667
532 4363 674 4430 quicquum.
703 4391 736 4400 —-
760 4378 831 4414 ruere
850 4362 922 4430 apud
944 4367 1036 4429 poetas
1055 4361 1193 4413 interdurn
1213 4361 1386 4411 transitivum
1407 4359 1497 4416 habet

264 4452 328 4517 vim,
348 4456 379 4505 67
398 4470 422 4504 v.
442 4451 493 4504 272
512 4457 540 4504 67
557 4452 618 4505 292.
