3096 5002
220 493 342 564 robore
369 518 450 564 cum
477 492 549 564 saxi
575 491 803 589 franguntur,
832 492 969 565 mittere
994 492 1134 589 signum

220 607 400 704 sanguinis
425 616 486 679 aut
512 607 667 704 aliquid,
694 616 810 679 nostro
836 633 926 704 quae
952 629 1094 704 corpore
1119 607 1281 693 aluntur;

221 722 351 820 pabula
377 748 458 794 curu
485 722 596 819 lapidi
623 722 788 807 terimus,
817 747 957 794 manare
983 747 1140 795 cruorem

224 837 398 909 consimili
430 839 562 910 ratione
589 838 705 910 herbis
730 865 872 936 quoque
897 864 998 937 saepe
1024 840 1169 912 decebat

221 962 255 1025 et
280 954 392 1025 laticis
418 954 531 1025 dulcis
556 961 672 1050 guttas
697 954 876 1051 similique
901 979 1021 1051 sapore

222 1069 377 1155 mittere,
405 1069 578 1166 lanigerae
604 1069 701 1165 quali
727 1078 808 1141 sunt
834 1070 942 1142 ubere
968 1069 1085 1154 lactis3

221 1184 370 1270 scilicet,
398 1193 432 1257 et
457 1184 568 1281 glebis
593 1193 765 1256 terrarum
792 1210 892 1282 saepe
918 1184 1029 1257 friatis

223 1299 410 1372 herbarum
436 1325 563 1396 genera
588 1307 622 1372 et
647 1299 763 1397 fruges
788 1300 998 1397 frondesque
1025 1301 1134 1373 videri

222 1415 403 1513 dispertita
428 1416 518 1488 inter
544 1423 670 1488 terram
698 1415 832 1488 latitare
859 1417 1013 1502 minute,

224 1537 396 1628 postremo
422 1531 458 1602 in
485 1531 589 1627 lignis
615 1532 767 1604 cinerem
793 1532 1004 1629 fumumque
1030 1533 1159 1618 videri,

223 1671 304 1718 cum
332 1647 521 1742 praefracta
546 1646 677 1732 forent,
704 1647 865 1744 ignisque
890 1649 996 1720 latere
1022 1649 1192 1721 minutos.

224 1788 373 1859 quorum
402 1762 452 1834 nil
479 1762 554 1834 fieri
581 1763 745 1860 quoniam
775 1763 957 1835 manifesta
983 1764 1083 1835 docet
1109 1789 1180 1849 res,

225 1877 311 1950 scire
337 1878 418 1950 licet
444 1903 512 1950 non
539 1904 610 1950 esse
636 1879 672 1949 iu
699 1879 803 1950 rebus
830 1903 881 1950 res
907 1879 955 1950 ita
981 1878 1123 1963 mixtas,

224 2018 342 2064 verum
371 1993 504 2065 semina
530 1993 749 2065 multimodis
774 1993 922 2065 inmixta
947 1994 1052 2066 latere

181 2186 184 2191 Α
225 2109 415 2180 multarum
443 2134 560 2180 rerum
587 2108 623 2179 in
650 2109 753 2180 rebus
779 2109 980 2181 conunuuia
1006 2109 1152 2181 debent.

272 2221 332 2295 ‘At
357 2249 458 2321 saepe
483 2224 520 2294 in
547 2224 682 2321 magnis
708 2225 747 2296 fit
773 2224 962 2297 montibus'
990 2225 1108 2322 inquis
1129 2215 1181 2298 ‘ut
1208 2225 1286 2297 altis

225 2339 408 2411 arboribus
433 2340 547 2411 vicina
572 2340 756 2412 cacumina
780 2366 918 2412 summa
943 2347 1100 2412 terantur

225 2454 316 2527 iuter
341 2480 394 2540 se,
422 2454 546 2527 validis
571 2455 682 2528 facere
708 2455 745 2527 id
772 2456 977 2552 cogentibus
1002 2455 1146 2540 austris,

225 2571 334 2643 donec
361 2571 516 2643 flammai
542 2570 715 2643 fulserunt
740 2571 824 2643 flore
850 2571 996 2643 coorto.'

226 2685 375 2771 scilicet,
403 2695 437 2758 et
463 2711 531 2758 non
559 2695 609 2758 est
634 2686 739 2783 lignis
764 2695 880 2759 tamen
908 2687 1033 2758 insitus
1059 2686 1167 2783 ignis,

227 2826 346 2872 verum
374 2801 507 2873 semina
532 2810 614 2873 sunt
639 2802 771 2874 ardoris
797 2803 927 2887 multa,
954 2802 1097 2874 terendo

227 2942 317 3013 quae
343 2943 424 2989 cum
452 2919 667 3003 confluxere,
695 2925 813 2990 creant
838 2917 1001 2990 incendia
1027 2916 1139 2989 silvis:

227 3033 323 3129 quod
349 3033 377 3104 si
403 3032 493 3105 lacta
518 3033 606 3106 foret
631 3034 725 3105 silvis
751 3033 954 3106 abscondita
979 3033 1140 3117 flamma,

167 3170 178 3181 ⁹
227 3173 296 3219 non
324 3157 461 3245 possent
487 3149 602 3220 ullum
629 3162 766 3246 ternpus
793 3148 935 3220 celarier
960 3148 1075 3244 ignes,

228 3265 435 3336 conficerent
462 3265 562 3361 volgo
587 3264 707 3349 silvas,
734 3264 874 3336 arbusta
900 3271 1110 3335 cremarent.

228 3379 344 3451 iamne
371 3380 466 3452 vides
492 3380 619 3476 igitur,
648 3379 752 3477 paulo
779 3379 875 3475 quod
901 3379 1055 3450 diximus
1081 3387 1181 3464 ante,

230 3495 410 3592 permagni
437 3495 563 3567 referre
589 3495 710 3567 eadem
738 3493 929 3593 primordia
955 3519 1055 3590 saepe

229 3636 310 3682 cum
337 3611 467 3707 quibus
492 3620 527 3684 et
553 3610 649 3708 quali
676 3611 831 3708 positura
857 3609 1102 3681 contineantur

132 3744 183 3796 910
228 3733 262 3797 et
288 3751 375 3822 quos
400 3727 491 3799 inter
516 3753 550 3798 se
577 3727 661 3798 dent
687 3732 802 3798 motus
828 3725 1092 3821 accipiantque,

177 4005 253 4067 884.
291 4017 382 4084 lapidi.
419 4016 518 4068 Sextus
546 4030 623 4066 casus
651 4031 731 4082 saepe
751 4015 873 4066 admittit
890 4015 902 4064 i
919 4014 1040 4082 longam.
1087 4001 1162 4064 885.
1199 4013 1279 4065 herbis
1298 4015 1316 4065 i.
1335 4029 1358 4065 e.

132 4122 167 4158 ex
195 4107 297 4158 herbis.
352 4093 426 4154 887.
473 4104 544 4172 quali
570 4104 687 4172 (sapore)
714 4111 772 4155 sunt
799 4104 915 4172 (guttae)
945 4104 1017 4155 lactis
1044 4104 1095 4172 (in)
1123 4103 1195 4155 ubere
1222 4102 1358 4170 lanigerae.

132 4183 251 4261 89loq.
280 4194 366 4246 Lusus
393 4194 539 4245 vorborum
568 4208 625 4245 esse
653 4192 779 4244 videtur:
808 4193 875 4260 ipnia
903 4192 970 4244 latet
997 4194 1025 4243 in
1054 4192 1139 4259 lippis.
1167 4189 1223 4243 Cfr.
1252 4191 1302 4242 901
1332 4195 1359 4243 et

132 4284 264 4335 orn-14.
310 4279 386 4342 ooo.
418 4283 454 4351 fl.
468 4282 503 4350 fl.
523 4280 579 4333 co.
594 4278 677 4332 nom.
696 4285 723 4332 a
743 4281 871 4348 Aeschyr.
891 4271 994 4356 πυρὸς
1018 4267 1122 4343 ἄνθος
1141 4286 1168 4332 a
1186 4280 1265 4342 arao
1284 4280 1359 4331 ruca-

133 4398 224 4432 ourum
237 4381 361 4451 florentia
380 4380 477 4431 lumina
500 4377 618 4430 dammis.
664 4365 739 4427 902.
777 4379 876 4430 [mendo
892 4380 910 4431 i.
923 4395 945 4430 e.
957 4379 1101 4431 arboribus
1112 4379 1183 4431 inter
1194 4393 1221 4431 se
1232 4375 1360 4431 terendis.

133 4457 208 4523 904.
240 4470 320 4541 socio
339 4471 357 4520 i.
377 4485 399 4521 e.
419 4473 522 4541 parata.
569 4455 645 4522 907.
684 4475 748 4524 anu.
768 4467 818 4522 817
839 4482 898 4539 sqq.
