3096 5002
197 487 370 567 cernimus
395 494 474 564 ante
500 484 619 563 oculos
633 524 640 575 ;
669 511 777 587 quae,
804 486 832 562 si
859 515 927 561 non
955 498 1041 561 esset
1067 490 1189 574 inane,

196 617 359 682 nontam
388 607 537 679 sollicito
565 614 662 677 motu
690 606 823 702 privata
849 614 1004 678 carerent

194 751 299 822 quarn
324 723 442 821 genita
467 721 611 794 omnino
637 720 735 792 nulla
760 721 893 792 ratione
919 720 1083 806 fuissent,

122 862 160 912 343
197 839 355 936 undique
382 838 541 910 materies
567 837 733 933 quoniam
760 836 886 932 stipata
911 837 1079 933 quiesset.

133 1040 137 1048 ,
198 963 371 1053 praeterea
397 954 557 1050 quamvis
582 952 712 1024 solidae
738 977 791 1023 res
816 977 887 1023 esse
914 961 1092 1048 putentur,
1179 1011 1182 1019 .

200 1071 279 1143 hinc
305 1078 422 1142 tamen
449 1095 520 1141 csse
546 1068 627 1140 licet
652 1093 728 1139 raro
755 1093 835 1139 cum
863 1092 1004 1164 corpore
1030 1093 1168 1142 cernas:

198 1186 232 1257 in
259 1185 348 1257 saxis
374 1209 413 1256 ac
438 1183 614 1281 speluncis
640 1192 821 1280 permanat
846 1208 1017 1278 aquarum

198 1299 355 1396 liquidus
380 1321 482 1370 umor
507 1307 540 1371 et
566 1298 735 1370 uberibus
760 1298 846 1369 fient
871 1297 990 1369 onmia
1014 1298 1142 1394 guttis3

122 1435 161 1486 330
197 1414 340 1511 dissipat
365 1414 402 1485 in
429 1439 554 1510 corpus
579 1438 650 1484 sese
676 1412 776 1484 cibus
802 1437 904 1484 omne
931 1412 1167 1498 animantium
1232 1450 1236 1455 ·

198 1535 356 1602 crescunt
381 1529 522 1600 arbusta
547 1536 580 1600 et
606 1527 697 1600 setus
722 1527 758 1598 in
785 1535 942 1623 tempore
967 1526 1143 1614 fundunt,

198 1644 292 1742 quod
318 1644 418 1716 cibus
443 1644 479 1714 in
506 1651 594 1716 totas
619 1668 731 1739 usque
756 1643 800 1714 ab
826 1643 1004 1714 radicibus
1029 1643 1127 1729 imis,

199 1785 259 1857 per
284 1767 425 1831 truncos
450 1785 489 1831 ac
516 1784 577 1855 per
603 1784 715 1830 ramos
741 1757 955 1830 diffunditur
979 1759 1111 1842 omnis;

198 1875 288 1946 inter
313 1881 430 1971 saepta
456 1882 573 1946 meant
599 1899 696 1946 vocas
722 1885 755 1946 et
781 1873 897 1945 clausa
924 1872 1109 1945 domorum

123 2006 162 2057 333
200 1988 450 2073 transvolitant
478 1988 631 2085 rigidum
660 1996 841 2084 permanat
867 1988 977 2085 frigus
1003 1989 1046 2060 ad
1073 2015 1179 2061 ossas

201 2103 295 2201 quod
322 2103 388 2175 nisi
414 2103 533 2175 inania
558 2103 646 2187 sint,
673 2128 744 2199 qua
770 2111 907 2199 possent
933 2129 1075 2200 corpora
1101 2130 1260 2202 quaeque

200 2218 355 2303 transire,
384 2218 477 2290 haud
507 2217 579 2290 ulla
604 2218 737 2289 ratione
762 2217 874 2289 valore
902 2219 1050 2291 videres.

200 2333 351 2431 denique
378 2359 440 2406 our
466 2333 550 2405 alias
576 2333 653 2405 aliis
679 2342 850 2430 praestare
877 2334 1036 2406 videmus

201 2449 351 2547 pondere
377 2475 430 2521 res
455 2449 560 2521 rebus
585 2448 657 2521 nilo
685 2449 814 2520 maiore
840 2450 979 2545 figura?

124 2578 163 2635 300
200 2591 279 2638 narn
306 2565 334 2638 si
360 2566 601 2637 tantundemst
626 2565 663 2636 in
691 2564 789 2636 lanae
814 2564 967 2662 glomere
993 2575 1166 2661 quantum

200 2681 351 2779 corporis
375 2681 412 2752 in
439 2681 586 2778 plumbo
612 2689 680 2765 est,
707 2681 916 2753 tantundem
943 2681 1094 2777 pendere
1120 2708 1182 2779 par
1207 2693 1275 2767 est;

200 2797 350 2894 corporis
375 2797 562 2869 officiumst
588 2797 755 2893 quoniam
782 2822 938 2893 premere
964 2798 1083 2870 onmia
1109 2798 1291 2886 deorsum,

200 2923 317 2985 contra
342 2928 457 2984 autem
487 2921 611 2984 natura
637 2924 754 2984 manet
779 2912 853 2984 sine
879 2911 1032 3009 pondere
1058 2913 1189 2986 inanis.

200 3053 278 3125 ergo
304 3028 400 3124 quod
426 3035 627 3125 magnumst
652 3053 762 3124 aeque
788 3027 968 3124 leviusque
993 3029 1151 3114 videtur,
1223 3077 1230 3082 -»

124 3154 162 3207 303
199 3144 378 3229 nimirum,
406 3143 486 3241 plus
511 3169 582 3215 esse
608 3142 675 3214 sibi
702 3141 855 3214 declarat
880 3143 1012 3215 inanis:
1107 3237 1108 3241 Ἰ

200 3268 232 3332 03
257 3266 377 3332 contra
402 3259 541 3356 gravius
567 3257 646 3355 plus
671 3258 707 3329 in
734 3283 769 3329 se
795 3259 948 3355 corporis
973 3285 1045 3332 esse

201 3374 339 3448 dedicat
364 3383 398 3447 03
425 3374 537 3446 multo
562 3373 662 3445 vacui
689 3373 807 3445 minus
833 3375 929 3446 intus
955 3375 1100 3448 habere.

201 3501 250 3563 est
275 3491 394 3588 igitur,
421 3491 603 3574 nimirum,
631 3489 668 3560 id
695 3489 790 3585 quod
817 3491 949 3562 ratione
975 3492 1088 3587 sagaci

201 3607 412 3703 quaerimus,
439 3606 637 3679 admixtum
663 3606 777 3690 rebus
805 3606 901 3703 quod
927 3607 1030 3679 inane
1055 3634 1235 3681 vocamus,

125 3730 164 3789 330
248 3722 345 3794 Illud
370 3723 407 3794 in
434 3723 488 3795 his
514 3723 618 3794 rebus
644 3747 687 3793 ne
714 3728 747 3793 30
773 3720 945 3794 deducere
970 3747 1050 3794 vero

201 3837 317 3935 possit,
345 3838 440 3934 quod
465 3838 611 3934 quidam
638 3838 796 3932 fingunt,
824 3862 1044 3933 praecurrere
1070 3865 1189 3936 cogor.

123 4012 307 4035 g—

156 4097 222 4162 352·
260 4119 324 4163 totus
342 4127 378 4162 sc.
397 4109 509 4162 radices.
555 4097 630 4158 357·
667 4108 748 4159 valera
767 4124 803 4159 sc.
822 4124 936 4176 corpora
956 4112 1081 4163 transire.
1127 4100 1202 4162 36!-
1224 4130 1278 4181 por
1295 4123 1331 4166 est

124 4189 156 4247 10.
171 4214 284 4269 aequum
305 4204 353 4261 est,
372 4215 480 4251 necesse
499 4204 547 4250 est.
593 4186 668 4246 363·
706 4205 798 4247 natura
817 4197 903 4249 inanis
921 4197 1058 4266 (gen.)i.e.
1069 4202 1160 4258 inane,
1174 4191 1211 4254 τὸ
1224 4192 1328 4257 κενόν.

125 4282 213 4347 tram
233 4313 259 4347 v.
279 4294 340 4347 281..
385 4283 458 4344 367·
497 4293 649 4345 dedicatio.
659 4292 771 4354 indicat,
782 4292 911 4345 declarat.
945 4283 1021 4344 370·
1051 4296 1116 4348 illud
1125 4303 1165 4349 cst-
1175 4299 1327 4350 subiectum

126 4380 184 4433 verbi
206 4384 288 4452 possit
314 4389 340 4436 et
368 4384 505 4436 obiectum
534 4383 611 4434 verbi
635 4398 806 4449 praecurrere.
852 4370 926 4431 371.
963 4384 1068 4450 quidam
1092 4401 1127 4437 sc.
1147 4386 1328 4454 Peripatetici.

127 4457 184 4521 Idem
202 4474 255 4526 sere
275 4472 354 4525 docet
373 4471 428 4524 Cio.
448 4471 532 4524 Acad.
552 4472 613 4534 2,40
632 4477 659 4524 et
677 4471 768 4522 Senos.
788 4471 850 4522 Nat.
870 4471 902 4537 Q.
922 4471 972 4534 2,7.
