3096 5002
274 322 319 394 36

272 544 323 596 565
418 522 500 594 Huc
526 522 660 594 accedit
684 520 756 606 uti,
784 520 993 593 solidissima
1020 521 1178 594 materiai

369 663 510 735 corpora
537 663 617 709 oum
644 645 813 722 constant,
841 637 973 734 possint
998 645 1114 710 tamen
1141 638 1260 710 omnia
1286 638 1387 711 reddi

370 753 488 826 mollia
514 778 603 850 quae
629 755 737 837 fiunt,
765 760 840 838 a'er,
868 779 976 849 aqua,
1005 762 1114 838 terra,
1143 779 1302 851 vaporeS,

369 893 439 965 quo
465 876 565 966 pacto
592 868 677 939 fiant
702 875 736 939 et
762 893 830 963 qua
858 868 891 940 vi
917 893 1078 965 quaeque
1103 878 1286 965 gerantur,

367 983 564 1056 admixtum
592 982 758 1079 quoniam
786 982 891 1055 semel
918 985 1031 1055 estin
1058 985 1162 1056 rebus
1188 986 1313 1056 inane:

367 1110 402 1171 at
428 1109 546 1170 contra
571 1099 600 1170 si
627 1098 746 1173 mollia
772 1099 841 1170 sint
867 1099 1060 1195 primordia
1087 1125 1224 1184 rerum,

368 1215 462 1287 unde
488 1221 618 1310 queant
644 1214 751 1286 validi
778 1214 890 1287 silices
916 1215 1121 1311 ferrumque
1147 1217 1255 1288 creari

368 1356 437 1402 non
466 1330 592 1427 poterit
617 1330 705 1401 ratio
731 1330 850 1401 reddi:
868 1356 959 1402 nam
986 1331 1148 1402 fundit-us
1173 1332 1287 1403 omnis
1333 1320 1335 1324 ὗ

368 1446 541 1543 principio
567 1445 788 1518 fundamenti
814 1454 938 1518 natura
964 1447 1112 1519 carebit.
1165 1521 1168 1525 ,

366 1569 448 1632 sunt
473 1561 581 1657 igitur
607 1560 717 1632 solida
742 1561 910 1658 pollentia
935 1562 1179 1659 simplicitate,

287 1699 301 1710 ·
366 1701 516 1772 quorum
544 1676 717 1747 condenso
744 1677 854 1773 magis
880 1677 998 1748 omnia
1024 1676 1212 1750 conciliatu

366 1792 470 1863 artari
497 1800 641 1888 possunt
668 1791 868 1888 validasque
894 1791 1073 1864 ostendere
1099 1793 1200 1864 viris

364 1932 466 2004 porro
492 1907 521 1978 si
547 1906 676 1978 nullast
701 1907 902 2004 frangendis
927 1907 1062 1979 reddita
1089 1908 1169 1980 finis

364 2022 585 2118 corporibus,
612 2031 729 2094 tamen
756 2048 797 2094 ex
823 2031 962 2095 aeterno
988 2030 1145 2119 tempore
1171 2049 1332 2121 quaeque

363 2164 458 2209 nnnc
484 2138 589 2210 etiam
616 2163 777 2234 superare
804 2149 972 2210 necessest
998 2163 1141 2236 corpora
1167 2140 1289 2225 rebus,

364 2279 453 2350 quae
479 2253 638 2329 nondum
664 2254 804 2326 clueant
829 2253 902 2325 ullo
928 2261 1097 2350 temptata
1123 2256 1272 2351 periclo:

362 2377 397 2441 et
423 2369 589 2465 quoniam
617 2368 732 2465 fragili
758 2376 882 2441 natura
909 2369 1064 2464 praedita
1092 2379 1268 2456 constant,

363 2485 536 2580 discrepat
562 2492 740 2556 aeteruum
768 2493 907 2580 tempus
934 2484 1085 2581 potuisse
1112 2510 1251 2558 manere

363 2599 682 2672 innumerabilibus
710 2599 820 2697 plagis
845 2607 966 2671 vexata
992 2625 1054 2697 per
1079 2625 1216 2673 aevom.

362 2715 515 2812 denique
541 2716 608 2786 iam
639 2717 804 2812 quoniam
832 2715 1023 2812 generatim
1051 2715 1187 2788 reddita
1213 2718 1293 2790 finis

263 2852 315 2902 aas
360 2831 536 2903 crescendi
562 2831 666 2902 rebus
692 2838 825 2902 constat
851 2831 1029 2926 vitamque
1055 2831 1216 2917 tenendi,

360 2955 394 3019 et
420 2946 507 3042 quid
533 2971 693 3042 quaeque
720 2954 850 3041 queant
875 2971 936 3042 per
962 2946 1101 3017 foedera
1127 2948 1283 3033 naturai,
1337 2928 1341 2934 ’

361 3061 449 3157 quid
475 3086 576 3156 porro
602 3072 795 3156 nequeant,
823 3061 994 3133 sancitum
1022 3061 1311 3158 quandoquidem
1337 3074 1450 3153 extat,

263 3252 465 3262 ——-

305 3375 380 3436 566.
417 3385 491 3438 reddi
508 3385 554 3452 (sc.
573 3382 718 3450 rationem)
737 3384 808 3450 sign.
827 3383 969 3450 explicari.
1008 3385 1123 3437 Prorsus
1143 3384 1238 3437 eodem
1258 3387 1341 3440 modo
1353 3387 1487 3456 Epicurus

260 3485 293 3537 ad
323 3485 385 3536 Her.
415 3487 464 3535 55:
497 3473 625 3557 βέλτιον
662 3470 703 3535 τὰ
736 3470 818 3535 κατὰ
852 3471 893 3536 τὰ
927 3472 1027 3560 πάθη
1052 3523 1059 3536 .
1085 3521 1092 3537 .
1118 3523 1125 3536 .
1163 3466 1416 3564 ἀποδοθήσεται
1445 3489 1487 3539 ie.

260 3581 481 3649 explicabuntur.
520 3578 576 3631 Otr.
605 3578 691 3640 2,179.
720 3578 797 3639 5,197
817 3578 929 3630 reddere.
947 3576 1027 3640 3354
1046 3581 1147 3648 adseret
1164 3598 1199 3634 sc.
1219 3585 1364 3636 rationem.
1412 3572 1486 3634 568.

259 3673 276 3722 i.
296 3688 318 3722 e.
329 3687 390 3721 cum
401 3686 456 3737 quo
467 3669 547 3721 modo
557 3667 674 3736 (mollia)
685 3672 817 3728 creentur,
829 3673 886 3718 tum
898 3670 989 3735 quavi
1001 3686 1127 3736 quaeque
1138 3672 1213 3724 fiant.
1232 3672 1260 3724 Si
1274 3689 1389 3741 corpora
1399 3674 1487 3726 solida

258 3766 330 3822 sunt,
361 3765 414 3810 tam
444 3758 575 3809 mollities
594 3772 677 3823 quam
698 3772 789 3806 rorum
809 3758 850 3807 vis
870 3757 1041 3824 explicatur;
1061 3760 1104 3810 sin
1126 3760 1222 3812 mollia
1240 3767 1314 3824 sunt,
1335 3778 1427 3814 rerum
1446 3765 1486 3814 vis

257 3850 390 3917 explicari
418 3865 473 3901 non
496 3851 590 3914 potest.
637 3832 712 3893 569.
749 3845 824 3895 semel
841 3846 884 3896 ie.
903 3848 1024 3908 omniuo,
1044 3864 1095 3897 nun
1114 3849 1217 3911 eiarnol,
1237 3854 1268 3901 ut
1286 3850 1374 3912 1,4oo.
1412 3852 1486 3904 Idem

257 3956 394 4021 significat
414 3952 554 4004 interdum
576 3933 671 4018 ἅπαξ,
693 3949 778 4000 veluti
798 3948 870 4016 apud
892 3948 961 4000 Plat.
972 3950 1052 4001 Polit.
1068 3953 1118 4002 257
1130 3969 1159 4003 c:
1175 3937 1278 4024 welf,
1290 3933 1315 4010 ci
1329 3947 1486 4033 Θεόδωρε,

256 4044 422 4126 ποιητέον,
458 4039 593 4123 ἐπείπερ
630 4030 718 4111 ἅπαξ
756 4057 789 4114 γε
824 4034 1078 4123 ἐνεχειρήσαμεν.
1126 4044 1200 4107 571.
1237 4059 1308 4110 silice
1326 4061 1486 4113 sternebant

256 4155 372 4206 Romani
392 4155 458 4205 vias.
505 4139 580 4201 575.
617 4148 840 4216 raropiscondenso.
877 4136 950 4204 579.
969 4166 1088 4216 superine
1104 4153 1146 4203 i.e.
1160 4169 1311 4220 superesse,
1322 4159 1354 4206 ut
1363 4155 1486 4208 marso.

256 4245 331 4305 2751
353 4249 437 4310 atque
456 4244 555 4310 passim
567 4240 640 4308 apud
652 4240 769 4306 optimos
779 4239 934 4304 scriptores.
972 4225 1048 4287 58¹.
1085 4242 1205 4306 quonium
1220 4251 1334 4293 constant
1343 4244 1387 4296 i.e.
1398 4246 1420 4296 si
1431 4246 1485 4296 iam

255 4339 397 4395 constent;
417 4334 467 4393 sac,
489 4338 518 4382 ut
536 4330 755 4382 adversariorum
776 4327 828 4377 fort
847 4327 951 4392 opinio,
971 4342 1002 4377 ea
1022 4333 1154 4381 constare.
1192 4330 1267 4382 ldem
1284 4333 1487 4400 sigmqaoniam

255 4423 342 4484 2790.
361 4421 422 4473 817.
459 4407 534 4470 582.
561 4419 688 4485 discrepat
705 4417 748 4467 ie.
768 4430 823 4466 non
844 4417 982 4478 convenit,
1001 4416 1075 4468 haud
1096 4424 1312 4472 consentaneum
1331 4425 1382 4474 est.
1410 4409 1485 4474 587.

257 4511 383 4563 concitum
403 4511 489 4562 forma
508 4513 549 4561 est
567 4507 714 4558 rarissima.
