3096 5002
257 548 306 618 sio
333 547 418 618 alias
445 546 522 618 aliis
548 544 651 618 rebus
677 545 845 619 mutarier
870 544 1008 618 omnis?

300 664 360 735 ‘At
388 663 571 735 manifesta
596 663 712 760 palam
739 690 792 736 res
818 663 961 735 indicat’
990 662 1109 758 inquis
1132 661 1181 732 ‘in
1208 685 1317 732 auras·

255 779 344 850 aeris
369 805 388 850 e
414 787 505 851 terra
530 805 583 851 res
608 780 722 851 omnis
747 805 897 852 crescere
924 779 1059 876 alique:

157 916 210 966 805
257 902 291 967 et
317 895 383 966 nisi
409 903 595 992 tempestas
620 896 782 993 indulget
807 904 963 992 tempore
989 895 1101 966 lausto
1144 941 1148 947 ·

254 1011 448 1096 imbribus,
476 1019 515 1083 nt
539 1011 620 1083 tabe
646 1011 848 1114 nimlrorum
875 1011 1016 1083 arbusta
1041 1009 1222 1095 vacillent,

255 1125 375 1222 solque
401 1152 463 1198 sua
489 1152 551 1223 pro
577 1135 674 1223 parte
699 1127 791 1200 fovet
816 1127 1013 1223 tribuitque
1039 1126 1207 1210 calorem,

255 1267 404 1314 crescere
430 1268 499 1314 non
527 1243 659 1339 possint
683 1243 800 1339 fruges
825 1244 965 1315 arbusta
991 1242 1214 1313 animantis.'

255 1357 404 1443 scilicet,
431 1366 466 1430 et
491 1358 558 1429 nisi
584 1383 646 1430 nos
672 1359 772 1430 cibus
797 1358 916 1430 aridus
942 1367 975 1430 et
1002 1370 1099 1430 tener
1124 1382 1227 1428 umor

255 1473 416 1558 adiuvet,
444 1474 569 1546 amisso
596 1475 665 1546 iam
692 1499 835 1570 corpore
862 1475 933 1546 vita
959 1499 1100 1571 quoque
1126 1473 1240 1544 omnis

255 1589 419 1661 omnibus
444 1615 463 1660 e
489 1590 602 1661 nervis
628 1598 733 1686 atque
759 1591 893 1662 ossibus
919 1588 1134 1662 exsoluatnr:

255 1704 457 1777 adiutamur
482 1706 575 1777 eninr
604 1706 713 1777 <lubio
740 1706 862 1803 procul
889 1714 993 1802 atque
1020 1705 1149 1776 alimur
1175 1728 1237 1774 nos

255 1821 357 1892 certis
383 1821 427 1892 ab
454 1822 575 1906 rebus,
604 1823 705 1894 certis
731 1822 818 1895 aliae
845 1832 950 1920 atque
976 1821 1063 1893 aliae
1090 1845 1160 1891 res.

256 1937 445 2022 nimirum,
472 1938 556 2034 qnia
583 1938 694 2025 multa
722 1939 833 2010 modis
859 1937 1060 2009 communia
1087 1935 1208 2007 multis

257 2051 447 2125 multarum
474 2078 589 2124 rerum
619 2054 655 2124 in
682 2054 786 2126 rebus
812 2053 1004 2150 primordia
1031 2052 1138 2123 mixta

254 2174 354 2251 sunt,
382 2167 461 2239 ideo
487 2169 590 2240 variis
615 2168 728 2241 variae
754 2195 807 2241 res
833 2170 937 2241 rebus
962 2168 1123 2240 aluntur.

254 2289 358 2378 atque
385 2283 503 2355 eadem
533 2285 651 2380 magni
677 2285 781 2357 refert
807 2284 1000 2382 primordia
1025 2308 1125 2380 saepe

254 2422 336 2468 cnm
363 2398 494 2493 quibus
519 2407 554 2471 et
580 2399 677 2495 quali
703 2400 859 2496 positura
885 2400 1130 2471 contineantur

253 2520 288 2583 et
313 2538 400 2608 quos
426 2513 517 2585 inter
542 2540 577 2586 se
604 2515 688 2586 dent
715 2524 831 2587 motus
857 2517 1118 2612 accipiantque:

155 2647 208 2698 820
252 2653 405 2724 namque
432 2630 554 2701 eadem
583 2630 718 2703 caelum
747 2657 840 2703 mare
866 2640 973 2703 terras
998 2631 1147 2702 flumina
1172 2629 1278 2700 solem

253 2744 489 2830 constituunt,
517 2747 639 2818 eadem
666 2747 782 2844 fruges
808 2747 948 2819 arbusta
975 2747 1181 2830 animantia,

253 2884 374 2930 verum
401 2860 478 2931 aliis
504 2861 643 2959 alioque
671 2863 774 2935 modo
801 2863 989 2934 commixta
1016 2869 1217 2934 moventur.

247 2975 341 3070 quin
368 2975 472 3047 etiam
501 2978 628 3073 passim
654 2979 779 3049 nostris
805 2979 840 3048 in
868 2977 1024 3049 versibus
1050 2978 1135 3074 ipsis

254 3090 365 3162 multa
390 3091 563 3165 elementa
588 3095 684 3166 vides
711 3094 832 3166 multis
858 3095 1061 3166 communia
1087 3093 1219 3178 verbis,

193 3228 204 3252 f
253 3232 332 3278 cnm
361 3216 477 3280 tamen
505 3209 596 3282 inter
621 3236 656 3283 se
684 3236 799 3282 versus
824 3236 863 3282 ao
891 3211 993 3282 verba
1020 3224 1187 3282 necessest

253 3324 436 3396 confiteare
463 3334 497 3397 et
523 3352 559 3398 ro
585 3335 620 3398 et
645 3327 763 3413 sonitu
790 3327 917 3398 distare
943 3326 1099 3398 sonanti.

253 3446 390 3510 tantum
419 3441 590 3513 elementa
617 3450 752 3538 queunt
779 3448 976 3540 permutato
1003 3442 1125 3513 ordine
1152 3441 1242 3512 solo:

254 3562 289 3625 at
315 3580 431 3627 rerum
459 3582 548 3652 qnae
574 3567 655 3629 sunt
682 3558 892 3654 primordia,
921 3557 1023 3655 plura
1049 3557 1217 3628 adhibere

254 3682 399 3765 possunt
425 3672 520 3744 unde
546 3682 677 3769 clueant
703 3675 816 3746 variae
842 3700 894 3745 res
920 3698 1080 3770 quaeque
1107 3673 1235 3744 creari.

156 3804 208 3855 830
301 3785 405 3857 Nunc
431 3794 465 3858 et
491 3788 714 3885 Anaxagorae
739 3798 934 3861 scrutemur
961 3788 1240 3861 homoeomerian
1326 3821 1399 3876 neque

1257 3883 1422 3943 homoeomerit

201 3982 276 4044 802·
312 3996 350 4047 sie
379 3998 398 4050 i.
427 4012 449 4047 e.
469 4003 496 4048 et
520 3999 567 4048 sie.
614 3984 688 4047 807.
727 3999 782 4049 tube
800 3999 940 4049 attritorum
959 3999 977 4049 i.
997 4014 1019 4049 e.
1040 3997 1162 4048 nubibus
1181 3997 1376 4049 tabescentibus

157 4085 185 4134 iu
216 4084 347 4150 pluviam.
376 4115 411 4123 -
438 4086 566 4136 vacillare.
596 4085 652 4138 cfr.
682 4087 778 4149 5,1096
797 4088 876 4144 tuentis
890 4088 967 4155 pulso
985 4087 1109 4139 vacillans
1127 4087 1209 4137 arbor.
1249 4085 1376 4138 Vacillere

157 4175 228 4240 sign.
248 4173 329 4226 modo
348 4175 411 4235 hnc,
431 4174 511 4226 modo
531 4175 598 4225 illuc
618 4176 747 4227 inclinari
765 4177 928 4243 videturque
942 4176 1144 4228 deminutivum
1155 4175 1377 4243 000000090ηάοῑ

157 4262 220 4313 Luc.
240 4263 317 4324 3,447
339 4280 400 4316 noro
419 4264 483 4313 velut
502 4263 604 4330 infirmo
620 4265 697 4331 pueri
713 4274 840 4331 teneroque
859 4274 983 4333 coquntur
1001 4281 1121 4332 corpore,·
1141 4265 1265 4316 Ennius:
1285 4265 1377 4316 arbores

157 4359 226 4402 uento
254 4360 355 4418 oupont.
402 4339 477 4401 828.
512 4354 589 4419 pluro
617 4355 635 4405 i.
664 4370 686 4405 e.
716 4371 770 4406 non
799 4355 889 4406 solnm
918 4359 1053 4406 mutatum
1082 4353 1216 4414 ordinem,
1236 4353 1283 4405 sed
1303 4355 1377 4405 etiem

160 4441 304 4507 positurae,
325 4445 415 4492 motus
436 4442 621 4508 maioremque
642 4444 793 4510 figurarum
814 4460 967 4495 nnmerum.
987 4442 1043 4495 cfr.
1063 4443 1151 4505 t,685.
1189 4429 1264 4491 830·
1284 4451 1308 4494 et
1324 4443 1343 4494 i.
1359 4456 1378 4491 e.

158 4530 248 4579 ctiam.
