3096 5002
159 499 293 571 Ennius
318 501 466 572 aeternis
492 502 636 598 exponit
662 502 818 574 versibus
843 503 968 588 edens,

159 640 230 710 quo
257 640 370 712 neque
397 625 603 713 permanent
629 618 765 689 animae
792 623 905 714 neque
932 645 1074 716 corpora
1101 627 1236 703 nostra,
1330 653 1332 657 ’

160 730 220 801 sed
246 730 419 826 quaedam
445 731 631 803 simulacra
658 733 769 804 modis
795 733 962 829 pallentia
988 735 1103 818 miris3
1144 736 1145 739 ’
1171 762 1172 765 ’

161 846 255 917 unde
281 846 349 917 sibi
374 856 527 918 exortam
553 873 689 944 semper
714 849 868 920 florentis
893 841 1052 920 Homeri
1199 890 1200 893 ¹

160 971 409 1034 commemorat
434 962 584 1059 speciem
612 962 771 1041 lacrimas
797 964 975 1036 effundere
1001 964 1104 1036 salsas
1126 968 1142 997 ³

161 1077 312 1174 coepisse
338 1087 378 1149 et·
398 1103 513 1150 rerum
542 1088 703 1150 naturam
729 1079 924 1176 expandere
947 1079 1084 1151 ‘dictis'
1121 1092 1123 1096 ’

161 1218 231 1288 qua
256 1201 398 1290 propter
423 1193 512 1266 bene
538 1220 619 1266 oum
646 1196 780 1291 superis
806 1196 849 1267 de
876 1190 979 1267 rebus
1005 1195 1166 1267 habenda

161 1307 263 1379 nobis
288 1317 338 1380 est
364 1309 470 1394 ratio,
498 1310 579 1382 solis
603 1309 779 1407 lunaeque
807 1319 940 1383 meatus
1078 1310 1080 1329 ³

162 1448 232 1518 qua
258 1424 344 1495 fiant
369 1425 520 1512 ratione,
547 1435 582 1499 et
607 1453 678 1524 qua
703 1429 736 1499 vi
763 1454 923 1525 quaeque
948 1430 1114 1524 gerantur
1201 1428 1202 1448 ³

161 1538 199 1608 in
225 1539 343 1624 terrio,
370 1548 447 1612 tum
474 1568 554 1614 cunr
583 1544 706 1641 primis
732 1544 864 1616 ratione
890 1545 1004 1640 sagaci
1076 1564 1077 1567 ’

163 1654 258 1725 unde
284 1655 402 1727 anima
426 1665 531 1755 atque
557 1659 667 1731 animi
694 1667 826 1731 constet
852 1667 976 1732 natura
1000 1658 1214 1742 videndum,

163 1776 198 1840 et
224 1794 313 1866 quae
339 1796 391 1842 res
417 1774 518 1846 nobis
543 1776 770 1872 vigilantibus
796 1776 898 1848 obvia
924 1783 1056 1847 mentes

165 1885 329 1957 terrificet
356 1888 477 1960 morbo
503 1890 648 1962 adfectis
674 1917 866 1988 somnoque
892 1891 1067 1988 sepultis,'

165 2025 303 2072 cernere
329 2003 383 2073 uti
409 2003 592 2076 videamur
617 2031 673 2077 eos
699 2004 891 2103 audireque
917 2021 1052 2090 coram,

53 2135 116 2188 135
163 2125 273 2189 morte
299 2117 394 2190 obita
419 2145 570 2216 quorum
597 2121 701 2193 tellus
726 2122 950 2219 amplectitur
975 2148 1067 2194 ossa.
1161 2139 1163 2143 ’

214 2232 286 2304 Nec
313 2259 368 2305 me
394 2236 504 2307 animi
531 2236 620 2309 fallit
646 2238 831 2310 Graiorum
859 2239 1005 2311 obscura
1024 2245 1165 2335 'reperta

165 2346 307 2420 difficile
334 2349 519 2424 inlustrare
545 2353 679 2425 Latinis
706 2355 860 2426 versibus
885 2380 976 2439 esse,

165 2463 277 2535 multa
303 2465 399 2537 novis
425 2468 538 2540 verbis
564 2470 765 2566 praesertim
792 2496 873 2542 cum
899 2471 943 2542 sit
969 2470 1143 2567 agendum

165 2587 305 2676 propter
329 2589 513 2677 egestatem
542 2584 682 2681 linguae
708 2594 742 2657 et
768 2611 882 2657 rerum
903 2586 1117 2658 novitatem:
1148 2616 1150 2622 ·
1230 2588 1251 2623 ²³

56 2715 118 2766 140
164 2695 221 2767 sed
249 2704 311 2769 tua
337 2723 392 2770 me
418 2700 527 2771 virtus
553 2710 669 2773 tamen
697 2709 731 2772 et
756 2710 891 2798 sperata
916 2699 1103 2797 voluptas
1141 2709 1143 2715 ’
1205 2720 1207 2722 ’

115 2817 117 2822 ’
164 2812 278 2913 suavis
302 2814 477 2887 amicitiae
504 2817 662 2912 quemvis
688 2817 808 2911 efferre
834 2815 1004 2890 laborem

128 2993 129 2996 ,
163 2927 285 3002 suadet
310 2936 345 3000 et
370 2929 508 3003 inducit
534 2941 650 3003 noctes
677 2931 817 3028 vigilare
843 2956 996 3015 serenae,

111 3155 165 3218 122
185 3184 225 3235 sq.
262 3168 417 3220 Secundum
447 3170 566 3220 Ennium
596 3174 681 3220 morte
701 3184 798 3236 corpus
818 3171 896 3236 perit,
916 3171 1024 3220 animus
1044 3152 1192 3237 migratio
1212 3168 1288 3220 alind

61 3273 173 3324 corpus,
201 3256 379 3308 simulacrum
408 3262 532 3309 nostrum
560 3263 702 3324 permanat
729 3260 759 3309 in'
787 3258 895 3310 Orcum.
934 3245 997 3308 l25·
1036 3257 1118 3325 Apud
1143 3258 1291 3309 Homerum

62 3350 238 3398 mortuorum
251 3347 362 3397 umbrae
379 3346 494 3397 simulac
498 3345 662 3413 sbmiliarem
673 3347 810 3414 quendam
823 3347 925 3408 vident,
936 3346 1000 3398 llere
1010 3348 1156 3413 incipiunt.
1193 3344 1248 3397 cfr.
1261 3345 1292 3396 ll.

64 3434 109 3496 23,
138 3433 200 3485 106.
237 3433 293 3486 Od.·
315 3436 358 3496 11,
386 3435 446 3485 154.
484 3435 615 3487 387-92.
652 3436 702 3486 471
732 3452 772 3503 sq.
809 3436 864 3486 Nec
893 3435 973 3486 aliter
999 3435 1080 3502 Verg.
1099 3435 1168 3485 Aen.
1188 3435 1212 3495 2,
1233 3434 1292 3484 271.

64 3523 204 3575 Homerus
232 3523 476 3575 Ennium-docuit
503 3525 562 3574 eins
590 3525 712 3574 animum
742 3530 823 3575 antea
843 3524 925 3575 fuisse
945 3525 973 3574 in
993 3523 1151 3590 Euphorbo,
1170 3511 1303 3585 Homero'j'

63 3611 243 3679 Pythagora·
273 3600 337 3661 130.
375 3629 431 3662 cum
445 3612 539 3679 primis
557 3613 600 3663 ia.
620 3614 763 3680 imprimis.
802 3601 854 3661 131.
892 3612 1001 3663 ‘latinos
1021 3613 1049 3661 in
1071 3616 1176 3678 pectore
1188 3597 1303 3677 positus*

64 3701 227 3753 dominatur
254 3701 282 3751 in
311 3716 422 3768 corpore
452 3706 508 3754 toto
536 3702 685 3753 secundum
714 3701 888 3762 Lucretinm3
913 3701 1002 3751 coiano
1022 3716 1068 3767 per
1088 3697 1174 3751 totum
1195 3715 1292 3766 corpus

64 3789 164 3842 dissita
183 3794 260 3856 paret
277 3791 378 3847 auimo.
416 3791 533 3842 Animus
554 3807 616 3842 vero
636 3796 662 3841 et
681 3793 773 3840 anima
792 3792 864 3841 inter
878 3791 1063 3841 seconiuncta
1077 3793 1142 3839 sunt
1156 3803 1292 3853 rinamque

29 3908 44 3941 ‘.
64 3879 217 3930 conficiunt
236 3896 270 3930 cx
289 3895 316 3931 se
336 3885 462 3931 naturam
481 3880 517 3948 (3,
537 3879 696 3947 136-160).
734 3867 796 3928 136.
834 3880 917 3930 animi
931 3884 971 3930 est
981 3880 1125 3946 genetivus
1136 3876 1300 3937 selenoma-

64 3967 213 4033 scriptores
242 3973 302 4034 post
328 3967 392 4018 Luc.
421 3968 491 4019 hanc
519 3970 634 4020 formam
663 3986 717 4021 non
746 3969 935 4020 adiunxerant
963 3969 1015 4018 nisi
1044 3969 1077 4018 iis
1097 3966 1195 4026 verbis,
1221 3981 1292 4032 quae

68 4055 273 4108 dubitationem
293 4060 319 4108 et
332 4057 549 4112 sollicitudinem
559 4059 724 4126 significant,
735 4057 820 4108 veluti
831 4057 914 4108 autori
919 4057 1036 4124 pendere,
1046 4055 1115 4123 oapi.
1135 4042 1197 4103 137.
1217 4053 1294 4104 iolas·

64 4151 136 4198 trare
158 4147 307 4214 opponitur
327 4148 385 4198 voci
404 4147 509 4198 obscura
527 4146 564 4215 (v.
583 4147 654 4213 136).
692 4135 744 4194 138
764 4162 804 4212 sq.
842 4144 964 4212 Dactylis
981 4147 1010 4195 in
1021 4146 1109 4211 primo
1120 4143 1187 4211 pede
1198 4143 1293 4210 positis

65 4241 150 4306 poeta
177 4237 331 4304 significare
360 4235 468 4287 videtur
493 4237 582 4303 operis
601 4237 718 4302 suscepti
738 4234 871 4295 ardorem,
890 4233 1017 4300 spondeis
1037 4232 1175 4283 molestias
1194 4230 1293 4283 deinde

64 4325 185 4388 oblatas,
214 4324 334 4391 deniqne
362 4324 435 4375 binis
463 4326 592 4376 extremis
622 4323 736 4390 pedibus
764 4323 903 4388 molestias
930 4320 1021 4372 studio
1050 4325 1198 4387 superatas.
1237 4307 1291 4367 141.

59 4414 197 4476 ‚amicitiae
215 4429 251 4465 sc.
271 4417 379 4465 nostrae
398 4419 501 4475 auctae,
521 4415 544 4464 si
563 4412 634 4464 liber
653 4428 729 4464 meus
750 4412 799 4464 tibi
819 4415 944 4478 acceptus
955 4409 1211 4478 erit—efferrem.
1222 4409 1293 4459 serre

63 4519 155 4572 usque
174 4502 209 4556 ad
230 4504 321 4554 finem.
