3096 5002
161 509 218 581 cui
244 508 350 581 simul
376 509 489 581 infula
516 509 688 606 virgineos
713 509 846 581 circum
873 510 954 582 data
979 518 1140 607 comptus

161 650 201 696 ex
228 632 376 721 utraque
403 625 478 722 pari
505 625 677 698 malarum
704 634 802 722 parte
829 626 1019 723 profusast,

161 747 196 811 et
221 748 392 812 maestum
419 741 525 812 simul
551 749 630 813 ante
657 767 731 813 aras
758 741 893 813 adstare
920 750 1097 839 parentem

79 873 117 925 90
164 856 288 940 sensit,
315 865 349 928 et
375 856 470 928 hunc
496 866 637 954 propter
662 857 793 929 ferrum
821 857 931 929 celare
959 857 1153 942 ministros,

163 983 376 1068 aspectuque
402 998 465 1044 suo
492 971 651 1044 lacrimas
676 973 857 1045 effundere
883 973 985 1058 civia,

162 1095 260 1158 muta
287 1094 383 1158 metu
409 1095 534 1158 terram
562 1086 710 1183 genibus
735 1089 919 1162 summissa
945 1089 1094 1186 petebat.

165 1227 228 1273 nec
255 1201 399 1274 miserae
425 1201 586 1298 prodesse
611 1203 647 1273 in
675 1202 737 1274 tali
762 1211 919 1301 tempore
945 1204 1070 1301 quibat

162 1316 257 1412 quod
284 1317 395 1413 patrio
422 1317 583 1413 princeps
609 1317 754 1390 donarat
780 1319 922 1391 nomine
948 1345 1084 1415 regem:

79 1450 115 1500 95
161 1457 242 1503 nam
268 1432 405 1504 sublata
431 1433 543 1504 virum
572 1433 735 1505 manibus
760 1434 1055 1531 tremibundaque
1081 1435 1125 1506 ad
1151 1460 1225 1506 aras

162 1547 362 1632 deductast,
391 1573 459 1620 non
488 1558 526 1621 ut
551 1549 712 1621 sollemni
738 1576 833 1622 more
858 1575 1032 1623 sacrorum

162 1663 314 1759 perfecto
340 1671 453 1760 posset
478 1663 570 1736 claro
597 1664 755 1736 comitari
783 1665 1006 1762 Hymenaee,

163 1778 222 1850 sed
249 1787 341 1851 easta
366 1779 513 1864 inceste,
541 1780 700 1852 nubendi
726 1789 883 1878 tempore
909 1782 946 1853 in
974 1782 1067 1879 ipsc,

162 1894 273 1966 hostia
298 1894 494 1966 concideret
520 1903 673 1967 mactatu
702 1905 829 1968 maesta
855 1898 1025 1993 parentis,

59 2027 117 2078 100
161 2009 273 2080 exitus
298 2017 339 2080 ut
364 2009 463 2082 classi
489 2009 571 2081 felix
597 2011 803 2108 faustusque
829 2011 988 2084 daretur.

162 2132 300 2196 tantum
327 2124 449 2221 religio
476 2126 591 2223 potuit
616 2127 761 2198 suadere
789 2127 980 2200 malorum.

84 2557 86 2562 ’
107 2528 160 2589 87.
201 2538 310 2606 plaseio
328 2540 412 2590 fascia
432 2537 535 2610 [lanea]
556 2542 586 2590 in
605 2541 716 2593 modum
736 2540 907 2604 diadematis,
927 2558 943 2593 a
962 2558 1017 2608 qua
1032 2543 1116 2592 vittae
1127 2541 1162 2592 ab
1173 2544 1290 2607 utraque

60 2632 140 2697 parte
169 2624 340 2695 dependent3
369 2643 440 2694 quae
468 2629 631 2696 plerumque
659 2629 716 2681 lata
744 2634 792 2692 est,
813 2630 975 2698 plerumque
996 2630 1105 2692 tortilis,
1125 2627 1158 2681 de
1178 2629 1243 2682 albo
1262 2633 1289 2681 et·

60 2714 170 2769 cocc0.'’
200 2713 298 2786 [Sera]
330 2716 385 2770 lEa
413 2716 565 2769 sacerdotes
584 2723 610 2770 et
629 2718 734 2770 hostiae
754 2719 911 2786 templaque
931 2717 1112 2771 velabantnr''
1133 2715 1237 2788 [Fest]⁸
1256 2747 1291 2755 -

60 2805 189 2873 virpiaeos
216 2812 335 2872 comptus.
372 2805 497 2856 Nubendz'
523 2814 630 2874 tempore
648 2807 675 2857 in
695 2807 749 2874 ipso
770 2805 808 2877 [v.
828 2805 874 2877 98]
895 2809 994 2859 amicta
1013 2811 1071 2858 erat
1090 2805 1216 2858 flammeo
1236 2803 1291 2874 [ie.

62 2894 252 2946 velamentum
280 2893 407 2946 flammeo
436 2892 537 2964 colore]
567 2900 593 2947 et
621 2900 718 2947 ornata
737 2911 785 2946 sex
805 2896 928 2947 crinibus
949 2894 1004 2965 [ie.
1024 2911 1058 2946 ex
1078 2899 1195 2961 utraque
1215 2897 1291 2960 parte

62 2984 164 3051 capitis
192 2987 245 3034 tres
273 2984 362 3034 crines
390 2981 603 3054 dependebant}
640 2973 694 3033 88.
732 3000 767 3035 ex
796 2989 912 3050 utraque
940 2983 1014 3035 mala
1042 2984 1167 3051 partibus
1186 2981 1291 3033 infulae

63 3071 188 3139 paribus.
225 3060 279 3120 90.
315 3081 417 3140 propter
436 3070 491 3142 [ie.
511 3070 605 3143 prope]
626 3074 699 3123 hreno.
728 3060 780 3121 92.
811 3074 916 3140 penitas
925 3073 1061 3124 sunrroisso
1070 3089 1106 3124 sca
1116 3069 1290 3140 supplicandi

62 3176 156 3218 causa.
183 3159 240 3212 Cir.
268 3161 341 3213 Suet.
370 3161 431 3223 3,20
458 3177 530 3228 seque
549 3199 555 3211 .
576 3200 582 3212 .
603 3200 608 3212 .
633 3161 707 3229 patri
733 3161 770 3212 ed
793 3179 878 3229 penae
896 3162 1039 3226 suntrana,-
1063 3160 1178 3214 Ovidius
1199 3160 1291 3224 [Pont.

62 3248 185 3315 3,1‚149]
214 3254 293 3317 rogat
322 3265 435 3301 uxorem
466 3255 495 3302 ut
523 3252 604 3302 uxori
634 3252 745 3318 pricipis
776 3250 930 3317 supplicatu
948 3252 1057 3302 veniam
1077 3251 1129 3310 sibi
1150 3250 1290 3300 inveniet:

61 3338 248 3404 summissaque
274 3338 341 3390 ter-rei
365 3337 410 3389 Art
427 3355 476 3389 non
496 3339 608 3391 mortalis
627 3339 744 3390 bracalia
763 3339 834 3390 tende
848 3340 933 3407 pedes.
971 3329 1025 3388 94.
1063 3340 1128 3392 Eur.
1148 3339 1207 3405 Iph.
1227 3337 1292 3388 Aul.

62 3437 135 3489 1222
164 3427 276 3514 πρώτη
300 3419 328 3490 6'
356 3426 492 3491 ἐκάλεσα
522 3432 649 3512 πατέρα
673 3425 726 3491 καὶ
750 3425 790 3493 σύ
814 3420 908 3492 παῖδ’
933 3426 998 3508 dpa'.
1045 3435 1097 3495 95.
1135 3436 1293 3488 territando

64 3551 117 3603 pru
144 3534 255 3602 vulgari
283 3536 371 3586 forma
394 3534 554 3585 tremebunda
574 3535 704 3600 scriptum
724 3535 827 3604 legitur
842 3537 923 3586 etiam
944 3535 1026 3602 Verg.
1063 3520 1132 3586 Aen.
1152 3534 1247 3596 10,522
1267 3538 1294 3585 et

64 3623 142 3692 apud
168 3623 287 3674 Lucretii
312 3624 478 3675 imitatorem
498 3622 663 3674 Arnobium.
682 3653 716 3661 —
735 3624 767 3674 ln
787 3625 829 3686 iis,
849 3639 919 3690 quae
939 3623 1113 3690 praecedunt,
1133 3623 1294 3691 Iphigeniae

64 3712 168 3764 afflicta
187 3712 298 3763 fortuna
316 3713 466 3779 opponitur
485 3711 613 3763 felicibus
632 3713 801 3778 temporibus
821 3715 974 3780 praeteritis
984 3731 991 3775 ;
1002 3714 1084 3775 iniis,
1095 3728 1293 3780 quaesequun-

64 3806 120 3862 tur,
140 3799 276 3862 felicitati,
296 3816 378 3867 quam
399 3802 501 3852 instare
512 3801 648 3867 sperabat.
677 3789 728 3850 96.
749 3802 838 3852 Etiam
856 3817 942 3853 novae
953 3807 1055 3869 nuptae
1066 3801 1158 3853 deduci
1165 3800 1296 3852 dicuntur

63 3889 179 3960 domurn
200 3890 300 3940 mariti.
337 3888 393 3941 Cir.
413 3889 514 3956 Apulei
535 3890 641 3941 Metam.
660 3890 721 3952 4,26
743 3891 836 3945 lTunc
855 3907 897 3942 me
917 3892 1022 3959 gremio
1038 3889 1295 3943 suomaterinfelix

64 3974 189 4031 tolerans
208 3978 311 4030 mundo
331 3979 449 4046 nuptiali
469 3979 596 4031 decenter
614 3980 731 4032 ornabat
750 4019 756 4030 .
777 4019 782 4031 .
803 4018 809 4030 .
829 3996 890 4030 cum
902 3981 1063 4047 irruptionis
1073 3979 1180 4030 subitae
1191 3977 1295 4046 gladia·

64 4072 159 4120 torum
179 4068 297 4135 impetus
317 4067 352 4119 ad
372 4067 438 4120 belli
458 4069 555 4119 faciem
576 4070 707 4130 saeviens,
718 4068 800 4120 nudis
810 4073 837 4120 et
847 4070 953 4120 infestis
964 4069 1141 4120 mucronibus
1152 4081 1296 4120 coruscans

64 4172 123 4208 non
153 4155 238 4218 caedi,
267 4172 322 4208 nun
352 4158 463 4224 rapinae
491 4173 589 4207 manus
618 4157 743 4218 afferunt,
772 4156 817 4207 sed
847 4157 932 4209 denso
961 4157 1180 4224 conglobatoque
1210 4171 1296 4206 cuneo

64 4245 229 4297 cubiculum
262 4250 386 4297 nostrum
416 4246 553 4297 invadunt
581 4247 715 4313 protinus.
752 4245 807 4296 Nec
837 4245 895 4297 ullo
923 4244 956 4296 de
985 4245 1169 4296 familiaribus
1197 4245 1297 4296 nostris

65 4339 243 4402 repugnante
271 4350 302 4384 ae
331 4351 364 4385 ne
393 4334 533 4385 tantillum
564 4334 675 4401 quidem
704 4335 846 4385 resistente
874 4351 912 4384 me
931 4335 1048 4386 miseram
1067 4334 1206 4384 exanimem
1224 4348 1297 4383 saeco

56 4437 161 4492 ,pavore
180 4421 305 4488 trepidum
323 4421 354 4473 da
371 4421 453 4474 medio
472 4422 560 4474 matris
576 4422 671 4490 premio
690 4423 822 4490 rapuer·e.''
857 4410 908 4472 97.
928 4423 1046 4478 comitare
1056 4424 1143 4477 active
1155 4423 1298 4495 usurpavit

64 4511 152 4564 etiam
172 4509 296 4562 Ovidius.
316 4540 350 4548 —
369 4511 429 4562 c.H.
449 4527 484 4562 sc.
506 4516 536 4563 ut
555 4512 672 4563 nuberet
690 4511 804 4564 Achilli.
