3096 5002
1309 292 1348 367 ii

199 484 435 564 Memmiadae
462 495 595 578 nostr0,
624 516 729 589 quem
756 499 814 577 tu,
843 488 926 578 dea,
953 501 1109 590 tempore
1135 493 1171 564 in
1198 495 1295 565 onrni

198 607 363 678 omnibus
389 615 550 679 ornatum
578 607 717 680 voluisti
743 608 909 680 excellere
936 609 1056 681 rebus

199 746 269 816 quo
296 722 406 818 magis
432 721 611 795 aeternum
639 724 684 796 da
710 724 830 808 dictis,
858 725 957 809 diva,
985 723 1148 820 leporem.

199 837 295 908 effice
321 846 361 907 ut
387 837 518 917 interea
543 838 615 910 iera
641 839 970 911 moeneramilitiai

123 970 159 1020 30
202 976 263 1047 per
290 951 399 1023 nraria
425 978 463 1023 ac
489 960 596 1025 terras
622 954 736 1026 omnis
761 954 873 1050 sopita
898 953 1098 1049 quiescant:

201 1092 281 1138 nam
309 1076 348 1138 tu
374 1067 450 1155 sola
473 1077 569 1165 potes
594 1069 785 1166 tranquilla
812 1095 895 1166 pace
921 1069 1039 1141 iuvare

202 1182 375 1268 mortalia,
403 1185 570 1280 quoniam
597 1184 681 1257 belli
708 1185 780 1257 iera
807 1210 967 1257 moenera
992 1186 1129 1257 Mavors

200 1298 413 1395 armipotens
438 1299 544 1395 regit,
572 1300 608 1371 in
634 1301 808 1397 gremium
836 1301 899 1397 qui
925 1325 1025 1397 saepe
1051 1309 1154 1372 tuum
1182 1327 1216 1372 se
1278 1390 1281 1394 ,

199 1413 299 1485 reicit
325 1421 464 1486 aeterno
491 1415 647 1487 devictus
672 1415 815 1488 vulnere
841 1416 987 1500 amoris,

125 1548 160 1598 35
203 1536 308 1624 atque
334 1529 382 1602 ita
409 1529 618 1628 suspiciens,
646 1532 746 1603 tereti
772 1531 904 1603 cervice
930 1541 1083 1628 reposta,

202 1643 311 1739 pascit
336 1670 453 1717 amore
479 1645 615 1732 avidos,
643 1647 783 1718 inhians
808 1647 845 1718 in
871 1656 923 1731 te,
951 1647 1034 1731 dea,
1062 1647 1172 1731 visne,

202 1782 291 1853 eque
317 1767 378 1831 tuo
405 1760 534 1856 pendet
559 1762 715 1858 resupini
742 1762 885 1858 spiritus
911 1788 987 1834 ore.

204 1872 297 1945 hunc
323 1882 382 1959 tn,
411 1875 508 1961 diva,
535 1884 597 1948 tuo
624 1876 848 1948 recubantem
876 1903 1017 1974 corpore
1043 1886 1161 1950 sancto

174 2061 226 2123 26.
264 2073 440 2125 Memmiadae
468 2075 510 2126 i.e.
539 2074 728 2126 Memmiorum
757 2075 894 2127 clarorum
923 2076 1077 2143 propagini.
1107 2074 1164 2127 cfr.
1184 2076 1265 2144 Verg.
1285 2076 1355 2128 Aen.

126 2162 205 2225 5‚117
234 2162 316 2214 Italas
344 2162 500 2225 Mnestheus,
521 2179 600 2230 qenes
618 2179 635 2213 a
653 2179 701 2230 qao
720 2163 820 2213 nostine
839 2162 957 2214 Memmi.
977 2164 1056 2215 Hunc
1075 2164 1160 2232 vulgo
1181 2169 1279 2233 putant
1298 2181 1354 2217 esse

125 2249 156 2303 Ο.
178 2251 335 2303 Memmium
355 2250 384 2303 L.
403 2251 431 2313 f.
450 2252 499 2318 qui
528 2251 656 2302 tribunus
685 2250 774 2318 plebis
793 2252 847 2302 fuit
866 2267 939 2303 anno
959 2251 992 2302 66
1011 2268 1036 2303 a.
1056 2250 1120 2304 Chr.
1140 2270 1175 2315 n.,
1197 2258 1350 2320 praeturam

126 2341 212 2408 gessit
239 2356 264 2391 a.
286 2340 336 2401 ,58,
364 2341 553 2409 proximisque
581 2341 661 2391 annis
681 2339 810 2407 (tr-56)
829 2344 989 2408 propraetor
1008 2341 1062 2392 luit
1080 2341 1236 2409 Bithyniae.
1274 2341 1356 2394 Anno

126 2429 161 2480 54
189 2428 223 2480 de
251 2429 356 2480 ambitu
376 2428 574 2480 condemnatus
594 2428 716 2480 Athenas
735 2430 768 2480 iit
787 2431 816 2480 in
836 2428 961 2480 exilium.
981 2427 1157 2481 Cicerocum
1177 2430 1244 2483 dicit
1265 2429 1355 2500 [Brut.

126 2516 192 2586 247]
224 2518 373 2585 perlectum
401 2516 509 2579 litteris,
538 2516 585 2568 sed
619 2519 732 2585 graecis,
762 2517 935 2569 fastidiosum
954 2533 1019 2569 sane
1039 2517 1205 2581 latinarum3
1225 2524 1374 2586 argutum,

126 2611 263 2659 oratorem
292 2607 439 2673 verbisque
467 2605 584 2667 dulcem,
613 2605 660 2657 sed
680 2607 833 2673 fugientem
853 2622 908 2658 non
928 2605 1137 2657 mododicemii
1158 2609 1354 2659 verumetiam

125 2695 269 2763 cogitandi
289 2695 421 2747 laborem.
440 2695 502 2747 Non
522 2699 613 2745 tamen
629 2710 677 2761 pro
689 2699 761 2746 certo
772 2695 900 2746 affirmari
914 2699 1000 2762 potest
1011 2695 1084 2746 hunc
1097 2697 1187 2763 potins
1198 2697 1355 2747 Memmium

125 2800 142 2835 a
170 2783 297 2835 Lucretio
325 2784 483 2851 significari,
512 2798 595 2849 quarn
623 2784 682 2834 eius
710 2772 803 2834 fratris
828 2782 926 2845 filium,
946 2783 1081 2835 culidem
1101 2789 1287 2847 eratnomen,
1307 2787 1355 2852 qui

127 2873 260 2924 tribunus
280 2872 368 2940 plebis
388 2873 442 2923 suit
460 2888 484 2923 a.
504 2871 546 2933 54,
566 2870 839 2923 autC.Mem1nium
859 2870 889 2923 C.
911 2871 1068 2941 [praetoris]
1089 2874 1108 2924 f.
1128 2873 1229 2925 Fausto
1248 2878 1353 2936 natum,

127 2972 179 3038 qui
199 2970 296 3022 consul
316 2972 444 3022 suffectus
464 2971 517 3022 fuit
536 2986 610 3022 anno
628 2970 671 3021 34.
708 2966 760 3027 27.
798 2969 854 3022 Cfr.
874 2969 924 3022 Od.
943 2970 1021 3032 4,l25
1037 2954 1209 3050 natrrot'po'
1223 2955 1356 3050 ἀρετῇσι

126 3055 329 3132 κεκασμένον
352 3051 387 3114 ἐν
411 3051 578 3115 Δαναοῖσι.
625 3055 678 3117 28.
707 3067 827 3135 Leporem
838 3068 930 3119 Venus
942 3073 1035 3135 poetae
1046 3071 1155 3136 roganti
1166 3071 1219 3120 iam
1231 3069 1355 3121 dederat:

127 3156 246 3226 pulchra
275 3159 349 3208 enim
378 3156 574 3209 allitteratione
605 3172 725 3208 consona
754 3157 836 3208 verba
865 3157 899 3207 do
928 3157 1002 3207 dictis
1030 3155 1090 3208 ilica
1118 3159 1264 3209 coniuncta
1283 3165 1356 3210 sunt.

127 3234 182 3296 29.
206 3262 336 3309 Ιοηοενιενα
363 3247 406 3297 ie.
435 3262 557 3298 munera.
585 3245 649 3298 Luc.
677 3246 772 3297 scribit
800 3246 881 3296 etiam
906 3261 1053 3307 rhaeorum,
1078 3246 1221 3313 poeniceas,
1238 3247 1358 3314 poenibat

129 3333 188 3405 [ie.
208 3333 364 3403 puniebat}
401 3334 597 3402 Diphthongus
616 3352 653 3396 oe,
673 3341 738 3387 nata
757 3351 791 3386 ex
810 3334 844 3396 oi,
864 3333 983 3400 dentque
1003 3339 1108 3385 mutata
1126 3337 1203 3385 estin
1215 3353 1241 3396 a,
1253 3334 1356 3387 veluti:

127 3425 226 3487 einum,
245 3440 343 3485 aenam,
363 3441 448 3474 unam.
468 3453 502 3461 —-
521 3424 632 3475 militiai.
652 3424 715 3475 Luc.
736 3425 824 3475 utitur
834 3427 861 3473 et
870 3438 942 3473 nova
953 3423 1041 3474 forma
1052 3424 1154 3489 primae
1164 3422 1357 3475 declinationis

126 3511 185 3582 (ae)
213 3516 240 3564 et
264 3513 379 3579 antiqua
397 3511 450 3580 (ai)
469 3513 704 3565 substantivorum
724 3517 750 3564 et
769 3511 966 3563 adlectivorum
986 3526 1050 3562 casu
1070 3514 1197 3578 genetivo
1217 3516 1245 3563 et
1264 3511 1357 3564 dativo

127 3593 243 3669 (1,453).
284 3589 338 3650 30.
368 3601 458 3668 Sopita
476 3601 611 3669 quiescant.
651 3601 751 3662 iHanc,
771 3616 854 3667 quam
875 3600 965 3651 verbis
985 3601 1138 3652 coniunctis
1157 3602 1234 3652 effert
1252 3606 1358 3652 senten-

128 3691 208 3751 tiam,
226 3688 343 3740 eandem
362 3689 481 3757 simplici
501 3690 585 3742 verbo
603 3691 686 3758 sopita
695 3697 753 3741 sunt
762 3690 806 3740 vel
816 3690 945 3757 quiescant
955 3705 1010 3741 non
1020 3690 1112 3741 minus
1123 3694 1194 3741 recte
1204 3691 1358 3757 exprimere

129 3779 238 3847 potuit;
268 3778 467 3846 name-„sopitam
494 3795 545 3829 esse
571 3778 642 3830 idem
663 3778 736 3830 valet
756 3777 829 3845 quod
849 3777 980 3845 quiescere.
1018 3777 1198 3830 Sedduobus
1218 3779 1308 3830 verbis
1328 3780 1357 3829 iu

128 3883 219 3919 unum
247 3868 326 3933 quasi
354 3867 476 3919 confusis
504 3868 618 3934 petitam
646 3866 784 3934 quandam
814 3868 965 3918 sententiae
984 3867 1066 3918 efficit
1084 3869 1258 3934 gravitatem,
1278 3869 1357 3936 quasi

128 3957 235 4009 dixerit
262 3956 312 4007 alta
339 3971 427 4023 sopore
445 3954 599 4023 quiescant.”
637 3955 679 4006 Ex
699 3955 749 4007 hoc
769 3956 855 4022 igitur
874 3955 934 4007 loco
953 3971 1017 4007 cave
1038 3972 1071 4007 ue
1090 3957 1209 4008 conicias
1228 3964 1358 4024 ternpore,

116 4061 187 4113 ,quo
207 4049 287 4112 poeta
306 4044 379 4095 hunc
399 4059 507 4095 versum
527 4044 673 4110 scripserit,
693 4043 831 4095 Romanos
850 4043 955 4095 bellum
976 4047 1099 4112 gessisse.
1124 4034 1176 4094 33.
1206 4055 1304 4113 reposta
1316 4048 1359 4098 ie.

130 4135 261 4201 reposita.
298 4122 352 4182 34.
372 4150 424 4202 sqq.
463 4134 541 4196 Mars,
569 4134 617 4200 qui
646 4148 674 4184 se
701 4134 776 4183 reicit
804 4134 907 4184 cervice
935 4139 1040 4200 reposta
1058 4136 1201 4200 resupinus
1219 4135 1359 4196 recubans,

130 4227 207 4276 totus
235 4226 276 4274 est
303 4223 331 4273 in
362 4223 475 4274 Veneris
495 4226 636 4289 potestate.
673 4210 729 4270 35.
763 4220 954 4286 Quintilianus
973 4223 1077 4284 8,3,35:
1100 4223 1233 4277 ‘tamarcem
1251 4224 1360 4276 videtur

129 4312 296 4364 Hortensius
324 4312 428 4378 primus
455 4304 567 4372 dixisse,
587 4327 649 4362 nam
670 4315 773 4362 veteres
793 4309 938 4377 pluraliter
956 4310 1124 4378 appellant.''
1160 4300 1213 4360 38.
1251 4328 1359 4378 corpore.

129 4400 266 4454 Ablstivo
285 4399 338 4453 loci
356 4402 513 4469 saepissime
533 4399 596 4451 Luc.
618 4401 713 4452 utitur.
732 4397 860 4451 Ceterum
879 4416 981 4467 corpore
1001 4400 1172 4469 iungendum
1192 4405 1232 4452 est
1252 4407 1279 4452 et
1298 4416 1360 4454 cum

129 4489 290 4542 recubantem
309 4494 414 4541 etcum
435 4489 528 4539 circam
539 4488 618 4563 jasa.
