3096 5002
256 495 351 561 tanta
377 496 483 584 queat
508 487 624 560 densis
650 487 806 584 rarisque
831 512 872 558 ex
898 486 1040 582 ignibus
1065 512 1155 558 esse.

158 626 210 676 655
255 605 292 676 id
319 630 477 701 quoque:
505 605 533 677 si
560 605 689 677 faciant
714 604 910 675 adrninturn
938 602 1042 675 rebus
1067 601 1189 686 inane,

215 769 217 775 ·
255 720 390 792 denseri
417 729 579 817 poterunt
606 721 702 816 ignes
728 720 867 815 rarique
893 717 1068 814 relinqui:

253 836 313 908 sed
339 836 424 932 quia
450 837 562 907 multa
587 836 654 907 sibi
681 844 828 907 cernunt
854 821 1025 906 contraria
1051 832 1168 905 adesse

254 959 289 1024 et
314 951 466 1048 fugitant
491 952 527 1023 in
554 951 658 1022 rebus
685 951 788 1023 inane
814 950 1011 1046 relinquere
1038 973 1191 1045 parurn,

254 1066 364 1138 ardua.
390 1066 476 1138 durn
504 1076 685 1152 metuunt,
713 1068 881 1140 amittunt
906 1091 985 1138 vera
1011 1065 1098 1150 viai,
1192 1066 1195 1070 ’
1247 1122 1252 1132 .

254 1207 317 1253 nec
344 1207 482 1253 rursum
509 1192 657 1255 cernunt
682 1192 843 1280 exernpto
869 1182 979 1254 rebus
999 1181 1096 1252 inani

255 1297 373 1368 omnia
399 1298 535 1370 denseri
562 1298 708 1395 fierique
734 1325 774 1370 cx
801 1298 965 1370 omnibus
992 1321 1103 1367 ununr

256 1437 398 1509 corpus,
426 1414 477 1484 nil
503 1415 547 1485 ab
573 1440 608 1486 se
634 1414 728 1511 quod
756 1414 862 1510 possit
890 1413 1026 1484 mittere
1055 1411 1201 1508 raptinr,

254 1528 391 1600 aestifer
417 1529 507 1625 ignis
533 1530 586 1602 uti
612 1530 732 1602 lunren
759 1529 841 1600 iacit
866 1536 971 1624 atque
998 1552 1180 1624 vaporem,

255 1651 295 1715 ut
322 1644 438 1716 videas
463 1670 532 1716 non
559 1671 578 1717 e
604 1645 739 1742 stipatis
764 1644 923 1741 partibus
948 1668 1037 1715 esse.

253 1759 349 1855 quod
375 1761 403 1831 si
430 1760 517 1832 forte
543 1761 611 1832 alia
637 1760 784 1833 credunt
810 1760 943 1832 ratione
970 1766 1102 1856 potesse
1194 1799 1197 1804 -

253 1874 343 1970 ignis
369 1876 403 1946 in
432 1885 532 1948 coetu
558 1877 689 1974 stingui
717 1884 922 1972 mutareque
949 1899 1092 1971 corpus,

253 1989 402 2075 scilicet,
430 2017 471 2063 ex
498 1992 596 2064 nulla
621 1992 733 2064 facere
759 1991 795 2062 id
822 1992 850 2062 si
878 1998 974 2087 parte
1000 1974 1199 2086 reparcent,

253 2105 387 2178 occidet
412 2107 456 2179 ad
482 2108 615 2192 nilurn,
643 2108 832 2191 nimirum,
859 2105 1020 2177 funditus
1046 2104 1147 2176 ardor
1248 2089 1251 2093 ἢ

253 2221 367 2293 omnis
392 2231 427 2294 et
452 2249 470 2295 e
496 2224 568 2295 nilo
594 2225 679 2295 fient
704 2247 948 2319 quaecumque
974 2229 1152 2293 creantur:

156 2354 208 2406 670
252 2361 332 2408 narn
360 2338 610 2435 quodcumque
636 2339 707 2410 suis
733 2345 909 2409 mutatum
936 2337 1067 2408 finibus
1092 2335 1182 2420 exit,

254 2453 421 2526 continuo
447 2455 512 2526 hoc
540 2480 630 2526 nrors
655 2463 706 2526 est
731 2448 827 2525 illius
853 2452 948 2549 quod
973 2451 1042 2524 fuit
1068 2459 1165 2523 ante.

255 2568 401 2664 proinde
427 2570 554 2667 aliquit
579 2596 741 2667 superare
768 2595 903 2641 necesse
929 2576 980 2640 est
1006 2567 1183 2640 incolume
1209 2566 1306 2650 ollis,

254 2709 298 2754 ne
324 2684 390 2755 tibi
416 2711 469 2757 res
494 2685 637 2758 redeant
662 2686 706 2758 ad
732 2685 845 2756 nilunr
872 2683 1034 2756 funditus
1060 2708 1180 2760 omnes

255 2798 298 2871 de
324 2799 467 2897 niloque
495 2809 612 2874 renata
637 2801 787 2898 vigescat
813 2800 913 2897 copia
939 2824 1075 2872 rerum.

254 2938 348 2985 nunc
374 2915 482 3012 igitur
507 2917 674 3012 quoniam
702 2915 892 2988 certissima
918 2939 1061 3012 corpora
1087 2913 1261 3010 quaedanr

255 3039 355 3115 sunt,
382 3056 471 3126 quae
498 3041 699 3104 conservant
725 3039 883 3102 naturarn
912 3055 1048 3126 semper
1073 3028 1241 3114 eandam,

253 3170 405 3240 quorunr
432 3147 530 3219 abitu
557 3155 617 3219 aut
643 3147 742 3218 aditu
769 3153 974 3242 mutatoque
1000 3145 1122 3217 ordine
1149 3152 1289 3216 mutant

184 3259 186 3262 ’
254 3269 413 3332 naturam
441 3288 493 3334 res
519 3272 553 3334 et
579 3271 783 3335 convertunt
810 3286 953 3358 corpora
977 3286 1068 3344 sese,

253 3375 339 3448 scire
366 3376 446 3449 licet
471 3403 540 3449 non
567 3405 638 3451 esse
665 3378 748 3449 haec
774 3377 876 3474 ignea
902 3401 1044 3473 corpora
1070 3400 1206 3447 reruni.

156 3510 208 3561 oso
252 3491 302 3562 nil
329 3493 470 3566 referret
495 3497 589 3566 enirn
617 3494 790 3591 quaedam
818 3492 1005 3577 decedere,
1032 3491 1147 3576 abire,

157 3678 359 3688 ————-

200 3809 274 3884 655,
299 3810 373 3871 658.
411 3824 482 3874 rebus
510 3839 545 3874 sc.
574 3825 684 3892 genitis,
711 3825 794 3877 Stoici
823 3826 895 3876 enim
922 3840 978 3876 non
1003 3823 1143 3891 negabant
1160 3818 1288 3895 ἔξωθεν
1312 3809 1374 3902 (aori

155 3906 291 3990 κόσμου)
325 3912 576 3991 περικεχυμένον
613 3900 697 3973 εἶναι
732 3909 768 3973 τὸ
804 3909 897 3973 κενόν
936 3904 1071 3994 ἄπειρον
1108 3956 1159 3990 ,..
1201 3907 1235 3970 ἐν
1270 3908 1304 3972 δὲ
1337 3899 1375 3990 τῷ

155 4005 266 4089 κόσμῳ
300 4006 400 4094 μηδὲν
435 3998 518 4070 εἶναι
553 4007 647 4071 κενόν
672 4017 764 4084 (Diog.
789 4016 877 4068 Laert.
897 4015 994 4082 stro).
1013 4045 1048 4064 -,
1061 4014 1171 4082 faciant
1187 4016 1206 4065 i.
1225 4030 1248 4066 e.
1269 4017 1374 4083 ponant,

156 4116 260 4179 putent,
289 4118 319 4164 ut
348 4113 426 4175 2‚485
454 4112 534 4179 (fac);
560 4114 655 4175 3,878;
675 4113 764 4175 4‚824.
810 4102 884 4163 665.
918 4120 1015 4179 potesse
1033 4111 1136 4178 legitur
1155 4113 1237 4162 etiarn
1258 4112 1335 4173 2225
1353 4113 1376 4161 et

155 4200 233 4252 1010.
271 4202 412 4252 Praeterea
431 4203 526 4253 scribit
545 4201 608 4252 Luc.
624 4210 691 4268 pote,
707 4203 776 4268 potis
794 4210 837 4264 est,
853 4202 961 4269 potissit.
1008 4187 1083 4249 667.
1120 4200 1145 4251 si
1161 4199 1376 4268 (ignes)ecncllo

151 4297 225 4356 parte
253 4289 282 4340 id
302 4285 395 4357 facere
422 4298 553 4357 repcrcent
578 4290 607 4357 (i.
636 4306 668 4357 e„
687 4294 806 4357 parcent,
835 4289 1024 4356 obstinebunt)
1052 4290 1070 4339 i.
1089 4305 1112 4340 e.
1131 4290 1154 4339 si
1173 4290 1252 4357 ignes
1272 4303 1378 4356 prorsus

155 4380 362 4446 restinguantur
390 4395 542 4446 corpusque
571 4380 726 4430 mutabunt.
774 4366 849 4428 672.
886 4379 942 4430 ollis
970 4394 1006 4429 sc.
1034 4378 1148 4444 ignibus
1176 4377 1259 4445 (666).
1305 4364 1377 4426 678.

154 4469 409 4536 corporaturae.
456 4455 529 4519 679.
567 4484 673 4536 corporo
692 4469 735 4519 ie.
756 4467 913 4536 primordia.
951 4456 1017 4519 680
1027 4484 1068 4535 sq.
1088 4467 1162 4535 Epic.
1173 4467 1208 4519 od
1218 4466 1318 4520 Herod.
1329 4466 1377 4517 54:
