3096 5002
258 444 481 532 quaerentem
508 436 610 509 dictis
636 437 766 532 quibus
791 446 825 510 et
851 463 921 534 quo
947 435 1102 508 carmine
1128 434 1272 506 demum

257 551 348 623 clara
374 559 453 623 tuae
479 552 604 649 possim
634 554 870 650 praepandere
896 552 1033 623 lumina
1060 549 1189 634 menti,

160 684 210 736 145
256 692 308 738 res
334 668 464 763 quibus
489 667 641 740 occultas
667 669 807 766 penitus
833 668 1007 739 convisere
1033 665 1159 762 possis.
1425 756 1427 763 Ι

257 782 364 854 Hunc
386 784 494 879 igitur
516 792 680 856 terrorem
703 785 812 856 animi
834 784 1064 879 tenebrasque
1086 791 1256 854 necessest
1344 772 1427 850 nurui

257 923 325 969 non
352 898 441 970 radii
468 898 547 971 solis
573 925 687 996 neque
713 899 831 971 lucida
856 899 924 971 teia
952 898 1022 970 diei

257 1012 464 1098 discutiant,
491 1014 551 1085 sed
577 1023 721 1086 naturae
746 1014 877 1112 species
902 1013 1078 1108 ratioque.

257 1128 470 1224 principium
498 1129 598 1201 cuius
624 1129 706 1201 hinc
733 1130 833 1201 nobis
859 1128 998 1201 exordia
1024 1136 1157 1212 sumet,

159 1260 211 1312 150
256 1242 388 1315 nullam
417 1270 489 1316 rem
516 1271 534 1317 e
561 1245 633 1317 nilo
657 1246 755 1341 gigni
782 1245 951 1316 divinitus
977 1269 1167 1340 umquam.

255 1357 387 1455 quippe
413 1359 462 1431 ita
486 1360 636 1431 formido
663 1360 818 1433 mortalis
844 1360 998 1432 continet
1024 1359 1156 1445 omnis,

255 1474 350 1569 quod
377 1474 488 1546 multa
513 1476 549 1546 in
576 1476 676 1547 terris
701 1476 776 1547 fieri
802 1475 967 1572 caeloque
993 1483 1156 1560 tuentur,

255 1615 405 1686 quorum
432 1617 578 1688 operum
605 1618 723 1663 causas
750 1591 847 1663 nulla
873 1591 1006 1663 ratione
1032 1590 1149 1662 videre

254 1714 399 1802 possunt
425 1733 463 1778 ac
489 1708 564 1778 fieri
591 1707 711 1780 divino
738 1708 884 1779 numine
910 1715 1049 1779 rentur.

254 1847 340 1918 quas
366 1823 410 1894 ob
436 1848 489 1894 res
515 1823 577 1894 ubi
603 1823 794 1895 viderimus
821 1822 870 1893 nil
897 1848 994 1919 posse
1020 1822 1129 1894 creari

254 1937 297 2009 de
324 1937 414 2023 nilo,
441 1949 518 2010 tum
545 1939 639 2036 quod
666 1940 847 2037 sequimur
872 1938 943 2009 iem
969 1937 1097 2008 rectius
1122 1936 1206 2008 inde

253 2053 520 2150 perspiciemus:
548 2064 582 2126 et
607 2054 702 2126 unde
728 2062 834 2151 queat
858 2079 911 2125 res
938 2077 1098 2150 quaeque
1124 2051 1232 2124 creari

155 2187 206 2238 155
252 2177 286 2241 et
312 2195 381 2266 quo
408 2195 567 2267 quaeque
594 2171 698 2242 modo
724 2172 809 2242 fiant
835 2195 939 2266 opera
964 2169 1038 2240 sine
1065 2169 1202 2240 divom.

155 2304 207 2354 159
301 2285 392 2356 Nam
418 2285 447 2356 si
474 2285 516 2357 de
543 2286 615 2358 nilo
641 2287 780 2370 fierent,
808 2311 849 2357 ex
875 2283 1165 2377 omnibu'rebus

253 2425 356 2472 omne
381 2426 491 2496 genus
517 2401 610 2472 nasci
637 2409 760 2498 posset,
788 2400 838 2472 nil
864 2400 996 2472 semine
1022 2406 1154 2495 egeret.

254 2542 272 2588 e
299 2541 393 2588 mare
419 2516 574 2613 primum
602 2517 779 2602 hominm,
806 2542 825 2588 e
851 2522 942 2588 terra
967 2523 1078 2612 posset
1105 2513 1189 2584 oriri

254 2632 515 2728 squamigerum
540 2658 650 2729 genus
675 2641 709 2704 et
735 2631 891 2705 volucres
917 2655 1100 2727 erumpere
1126 2628 1242 2714 caelo;

254 2755 411 2820 armenta
436 2756 541 2844 atque
567 2748 655 2821 aliae
681 2748 849 2846 pecudes,
876 2770 987 2843 genus
1013 2770 1116 2818 omne
1141 2745 1320 2830 ferarum,

254 2864 386 2937 incerto
411 2871 515 2960 partu
541 2863 635 2936 culta
661 2890 699 2936 ac
726 2864 861 2936 deserta
886 2870 1062 2947 tenerent3

202 3112 266 3173 146.
304 3123 342 3174 H.
361 3130 377 3173 t.
397 3140 421 3173 a.
441 3129 457 3172 t.
477 3123 519 3172 i.e.
539 3122 613 3172 hunc
631 3126 762 3173 terrorem
778 3122 862 3172 animi
874 3121 993 3172 tenebris
1006 3118 1243 3189 [iaignorantia]
1257 3121 1387 3173 effectum

159 3213 206 3297 [ἓν
230 3210 284 3278 διὰ
306 3211 423 3295 isoio}
443 3235 479 3270 sc.
498 3220 625 3271 Memmio
635 3221 766 3271 iniectum
778 3218 847 3271 falsa
857 3218 890 3270 de
900 3219 943 3270 dis
953 3219 1083 3286 opinione
1093 3217 1137 3285 (62
1148 3217 1228 3285 sqq),
1240 3223 1386 3285 poetarum

157 3319 191 3370 de
212 3319 306 3386 poenis
325 3319 355 3368 in
374 3321 461 3368 morte
480 3319 597 3368 aeternis
617 3316 775 3384 terriloquis
794 3317 874 3369 dictis
893 3317 955 3386 (102
974 3316 1054 3384 sqq),
1065 3321 1293 3383 mortuorumque
1304 3319 1387 3368 simu-

157 3406 238 3458 lacris
257 3406 319 3473 (132
338 3405 417 3472 sqq).
455 3404 548 3458 Cicero
568 3405 601 3457 de
621 3407 666 3456 tin.
686 3407 711 3468 1,
723 3407 757 3457 64
774 3407 937 3474 Epicureum
949 3407 1119 3472 Torquatum
1130 3404 1238 3456 inducit
1247 3404 1386 3456 dicentem

160 3495 240 3547 haec:
262 3494 320 3550 iSic
340 3510 353 3545 e
373 3493 494 3561 physicis
513 3498 539 3546 et
558 3494 691 3546 fortitudo
710 3497 828 3546 sumitur
847 3501 941 3548 contra
960 3495 1046 3546 mortes
1064 3495 1177 3545 timorem
1193 3496 1386 3546 etconstantia

158 3589 251 3636 contra
270 3591 360 3634 metum
378 3582 507 3650 relipionis
526 3587 553 3634 et
572 3582 675 3634 sedatio
695 3585 780 3634 animi
799 3585 923 3636 omnium
944 3599 1033 3634 rernm
1045 3583 1215 3634 occultarum
1226 3583 1386 3650 ignoratione

156 3673 280 3724 sublato.'¹
319 3661 385 3721 148.
423 3672 544 3723 Naturae
563 3673 680 3739 speciem
700 3674 889 3739 rationemque
909 3673 1098 3740 cognoscimus
1118 3676 1245 3722 naturam
1265 3676 1385 3723 contem-

161 3771 263 3839 plando
282 3775 310 3822 et
327 3770 507 3838 explorando.
544 3770 664 3822 Naturae
684 3773 817 3823 rationem
838 3772 971 3838 Epicurus
987 3771 1054 3822 dicit
1066 3761 1290 3846 φυσιολογίαν.
1330 3769 1386 3822 Cir.

158 3871 252 3922 Manil.
271 3871 296 3931 1,
316 3870 349 3921 35
369 3877 392 3920 ct
408 3869 552 3920 veneranda
570 3869 633 3920 Non
652 3869 744 3936 species
763 3878 859 3921 tantum
871 3870 917 3922 sed
933 3870 1022 3937 etipsa
1032 3869 1246 3937 potentiurerum.
1283 3871 1387 3936 species

159 3964 200 4010 est
228 3957 436 4025 contemplati0;
474 3956 536 4009 Cin·
558 3956 614 4009 Cic.
642 3958 710 4010 N.D.
739 3958 763 4020 2,
791 3959 843 4009 155
863 3959 933 4010 nulla
955 3967 991 4010 est
1008 3958 1075 4009 enim
1094 3957 1265 4009 imatioirilior
1282 3960 1386 4026 species.

160 4036 224 4097 149.
268 4047 339 4098 cuius
370 4047 452 4116 [qnae
481 4063 535 4098 vox
563 4049 591 4098 h.
618 4046 637 4098 l.
669 4052 709 4098 est
737 4046 941 4116 monosyllaba]
971 4047 1143 4098 referendum
1172 4052 1213 4098 est
1244 4046 1277 4098 ad
1311 4048 1387 4098 ratio.

161 4123 224 4186 i57·
262 4136 329 4203 quod
354 4136 481 4204 sequimur
508 4137 550 4186 ie.
579 4135 653 4202 quod
672 4137 830 4203 quaerimus
852 4137 911 4203 (cfr.
930 4136 955 4197 6,
974 4135 1036 4204 808)
1056 4133 1100 4187 ie.
1124 4125 1162 4190 τὸ
1186 4126 1387 4214 ζητούμενον

162 4231 273 4303 [Epic]
311 4222 374 4284 159.
412 4234 486 4302 Epic.
506 4234 540 4285 ad
560 4234 623 4285 Her.
643 4234 693 4284 38:
713 4219 807 4291 οὐδὲν
832 4227 951 4308 γίνεται
975 4227 1009 4290 ἐκ
1032 4227 1092 4290 τοῦ
1113 4221 1276 4315 μήὅννος·
1315 4229 1388 4294 πᾶν

160 4331 217 4417 γὰρ
251 4331 286 4394 ἐκ
320 4331 444 4404 παντὸς
478 4324 587 4413 ἐγίνετ’
624 4326 665 4398 ἄν
700 4333 895 4419 σπερμάτων
931 4355 964 4414 γε
998 4325 1101 4398 οὐθὲν
1125 4333 1387 4419 προσδεόμενον.

161 4426 212 4489 161·
250 4438 325 4490 Sexti
346 4455 422 4492 casus
442 4441 531 4492 forma
549 4457 618 4492 roure
638 4442 720 4492 stiam
740 4441 855 4493 Plautus
874 4446 901 4492 et
920 4440 1035 4493 Ovidius
1055 4442 1097 4492 usi
1117 4446 1190 4493 sunt.
