3106 4996
194 501 273 592 Qua
300 511 460 601 proptor,
488 499 647 598 quamvis
674 501 848 575 causando
875 503 985 574 multa
1013 504 1174 588 moreris,

144 646 214 693 esse
241 621 276 691 in
304 620 408 692 rebus
434 620 537 690 inane
563 627 679 690 tamen
707 618 834 690 fateare
860 627 1046 690 necessest.

145 737 326 831 multaque
353 744 527 831 praeterea
554 734 619 806 tibi
646 760 783 831 possum
813 734 1118 806 conmemorando

144 857 349 947 argumenta
375 849 481 920 fidem
509 849 611 920 dictis
637 850 824 921 conradere
851 850 993 921 nostris.

145 990 263 1037 verum
293 965 410 1036 animo
437 965 519 1036 satis
546 965 629 1036 haec
656 966 799 1061 vestigia
826 991 930 1061 parva
956 965 1068 1061 sagaci

145 1089 245 1165 snnt,
273 1106 334 1177 per
361 1105 450 1176 quae
477 1080 584 1176 possis
610 1105 814 1175 cognoscere
841 1088 953 1152 cetera
978 1087 1076 1152 tute:

145 1222 297 1292 namque
324 1221 425 1266 canes
451 1206 490 1266 nt
518 1196 735 1293 montivagae
761 1222 925 1294 persaepe
951 1197 1036 1268 ferai

145 1312 289 1383 naribus
315 1311 500 1382 inveniunt
526 1310 671 1383 intectas
697 1312 820 1384 fronde
847 1313 999 1408 6616166,

145 1452 226 1498 cnm
254 1426 359 1498 semel
386 1426 588 1497 institerunt
616 1428 758 1524 vestigia
785 1436 876 1499 certe
902 1428 991 1510 viai,

101 1571 104 1576 ·
145 1543 193 1613 sic
220 1541 290 1613 alid
318 1567 358 1612 ex
385 1541 453 1611 alio
480 1566 541 1637 per
567 1550 600 1613 16
626 1551 700 1614 1616
727 1543 800 1639 ipse
827 1544 944 1615 videre

143 1657 273 1729 talibus
298 1656 334 1727 in
361 1657 465 1728 rebus
492 1657 619 1752 poteris
645 1684 831 1754 caecasque
857 1659 1005 1731 latebras

143 1773 320 1843 insinnare
346 1773 460 1843 omnis
486 1781 519 1842 et
546 1798 665 1844 verum
694 1774 893 1870 protrahere
920 1774 1022 1845 inde.

145 1888 237 1984 qnod
266 1888 294 1959 si
321 1888 467 1985 pigraris
494 1887 682 1984 paulumve
708 1889 885 1960 recesseris
911 1889 954 1960 ab
981 1915 1036 1973 rc,

146 2004 210 2075 hoo
239 2004 302 2074 tibi
329 2003 372 2074 de
399 2003 502 2100 plano
529 2029 668 2100 possum
697 2005 915 2100 promittere,
943 2005 1108 2076 Memmi:

148 2118 370 2215 usqueadeo
397 2119 508 2215 largos
535 2118 679 2191 haustus
705 2144 723 2190 e
749 2118 899 2190 sontibu’
928 2120 1063 2216 rnagnis

148 2234 268 2331 lingna
295 2260 371 2306 meo
398 2235 511 2306 suavis
537 2234 605 2330 diti
629 2234 672 2306 de
699 2243 836 2330 pectore
862 2234 1005 2319 fundet,

148 2359 188 2421 ut
214 2375 330 2421 verear
356 2375 399 2421 ne
425 2350 521 2421 tarda
550 2351 647 2446 prius
673 2375 734 2446 per
761 2350 917 2421 membra
944 2362 1101 2423 senectus

101 2488 105 2532 ¹.
148 2475 263 2562 serpat
288 2475 323 2536 et
348 2465 384 2535 in
412 2466 511 2537 nobis
538 2465 620 2536 vitai
647 2465 795 2536 claustra
822 2464 986 2550 resolvat,

148 2606 252 2677 qnam
282 2579 348 2651 tibi
375 2580 418 2652 de
445 2581 566 2676 quovis
592 2606 663 2652 nna
689 2606 724 2652 re
750 2581 906 2651 versibus
932 2581 1045 2652 omnis

149 2704 436 2792 argumentorum
463 2696 506 2766 sit
533 2696 632 2792 copia
660 2696 761 2767 missa
788 2720 849 2792 per
875 2697 985 2768 auris.

198 2811 265 2882 Sed
292 2837 386 2883 nunc
412 2820 452 2883 nt
477 2823 631 2907 repetam
658 2819 820 2907 coeptum
848 2821 986 2907 pertexe
1009 2813 1261 2900 redimisse-na
1281 2843 1380 2890 natura

149 2927 262 2997 omnis
288 2937 328 2999 nt
354 2936 404 2998 est
430 2928 537 3023 igitur
563 2952 624 3023 per
650 2952 684 2998 so
711 2935 833 2998 natura
861 2927 999 2999 duobus
1221 2920 1277 2960 ”⁰¹1
1296 2913 1344 2962 est.

101 3067 105 3107 i
149 3043 303 3130 constitit
328 3043 364 3113 in
393 3043 516 3114 rebus:
546 3068 627 3113 nam
654 3068 796 3140 corpora
822 3052 921 3128 sunt,
948 3053 982 3115 et
1008 3044 1130 3129 inane,

150 3159 234 3231 haec
261 3159 297 3229 in
324 3184 394 3255 qno
420 3159 485 3230 sita
511 3165 592 3228 sinit
617 3166 651 3229 et
677 3184 747 3254 qua
773 3158 906 3230 diversa
934 3168 1133 3232 moventur.

101 3386 176 3448 402.
216 3399 336 3451 Vocibus
364 3397 469 3464 oestipia
497 3403 523 3448 ct
550 3397 641 3465 capaci
665 3398 718 3447 iarn
739 3397 876 3463 significat
896 3400 975 3462 pocta
995 3395 1022 3447 id
1042 3396 1141 3459 simile,
1160 3398 1234 3464 quod
1254 3416 1280 3451 v.

101 3519 106 3538 t
135 3504 195 3554 sqq.
224 3487 413 3538 illustraturus
433 3491 481 3537 661.
526 3473 602 3534 404.
640 3486 798 3551 6661166666
817 3485 1041 3552 coniungendam
1063 3490 1103 3537 661
1121 3502 1183 3537 cum
1197 3487 1282 3555 ferai.

100 3615 107 3628 .
137 3576 214 3639 asor
243 3581 270 3627 a
299 3576 376 3636 1081,
404 3575 486 3642 soph.
507 3575 577 3627 666.
597 3574 649 3626 643
669 3554 746 3651 θῆρ’
771 3554 952 3650 ὀρειβάιην.
998 3561 1076 3623 405.
1114 3576 1205 3644 quaeres
1225 3593 1280 3629 non

101 3673 104 3721 i
134 3671 182 3722 h.l.
201 3673 273 3736 sign.
293 3671 405 3722 cubilia.
450 3658 525 3719 410.
543 3671 648 3737 piprore
660 3669 714 3739 [ie.
726 3671 836 3737 pigrum
847 3668 916 3738 esse]
930 3686 1040 3737 perraro
1050 3671 1123 3738 opud
1134 3673 1280 3739 scriptores

102 3763 225 3828 iquiorcs
253 3761 364 3827 legitor.
394 3760 449 3811 Cic.
478 3762 566 3811 utitor
585 3760 668 3811 verbo
684 3759 789 3826 piprari
806 3759 840 3809 ad
861 3759 917 3810 Α11.
937 3759 1034 3821 14,1‚2.
1053 3790 1088 3796 —
1107 3778 1127 3811 r.
1147 3761 1180 3811 ab
1198 3778 1218 3811 r.
1239 3763 1282 3813 i.e.

102 3864 178 3899 nrum
209 3865 263 3899 non
283 3849 441 3900 attenderis.
486 3838 562 3896 411.
601 3848 1210 3915 6166166616.ιη166166166631166,6161116.
1243 3851 1283 3900 De

101 3954 141 3989 no.
161 3953 173 3987 6
188 3938 279 4004 plano.
299 3954 328 3988 er
346 3954 424 4004 66666
444 3938 496 3987 loco
518 3935 654 4004 praetores
671 3936 861 3988 diiudicabant
871 3937 933 3987 lites
944 3942 971 3988 et
980 3939 1179 3989 controversias
1189 3937 1282 3989 faciles

110 4024 278 4092 explicatam
298 4025 422 4076 ditiiciles
442 4031 533 4077 antem
554 4031 636 4092 atque
656 4025 810 4092 implicatas
830 4041 843 4076 e
863 4025 923 4077 loco
942 4027 1081 4092 superiore
1101 4031 1183 4092 atque
1203 4042 1216 4077 e
1236 4028 1282 4076 tri·

101 4114 162 4165 rati.
200 4114 294 4181 Leges,
323 4115 411 4166 edicta
440 4120 489 4166 661.
522 4115 746 4182 proponebantur
765 4115 792 4163 in
815 4113 925 4180 publico
947 4114 1035 4167 nunde
1055 4114 1088 4165 de
1108 4113 1192 4181 plano
1211 4119 1282 4166 recte

103 4205 269 4270 ipossent.”
316 4192 382 4252 419.
420 4212 611 4270 6166166666.
649 4202 770 4269 Corpore
789 4207 816 4253 61
835 4204 916 4253 16666
936 4207 1001 4253 sunt
1020 4218 1067 4269 per
1086 4219 1131 4264 se;
1150 4203 1283 4255 coniuncto

101 4309 147 4344 ‚em
176 4297 203 4343 61
232 4301 318 4343 eventa
347 4292 409 4360 (449
437 4294 507 4360 sqq.)
536 4300 608 4353 sunt,
638 4292 684 4343 sed
705 4308 758 4342 non
779 4296 844 4342 sont
864 4306 910 4357 per
929 4306 965 4341 66.
1002 4291 1108 4343 Natura
1128 4309 1175 4359 per
1193 4308 1221 4343 66
1241 4294 1284 4344 te.

117 4373 195 4444 καθ’
234 4380 352 4470 ἑαυτὴν
376 4382 483 4466 φύσις.
528 4389 604 4450 421.
643 4392 717 4458 Epic.
737 4389 771 4441 ad
791 4389 890 4441 Herod.
910 4388 962 4439 39:
981 4380 1114 4462 σώματα
1137 4380 1196 4462 μὲν
1224 4379 1282 4467 γὰρ

117 4489 216 4565 ἔσαν,
241 4481 322 4576 oriri}
347 4483 367 4578 ἡ
392 4489 547 4578 αἴσθησις
572 4487 627 4553 ἐπὶ
650 4489 784 4553 πάντων
807 4496 972 4575 μαρτυρεῖ.
