3096 5002
155 239 176 309 2

190 439 236 490 Vs.
264 438 396 489 80-101.
433 439 496 491 Noli
527 439 613 489 vereri
639 455 673 489 ne
693 444 718 490 te
738 440 854 506 impium
874 440 982 501 faciam,
1001 441 1023 490 si
1044 439 1208 508 religionem
1228 457 1381 509 oppugno;

155 526 206 578 illa
225 526 295 577 falsa
313 525 346 578 de
366 527 408 578 dis
427 528 521 594 opinio
540 529 646 595 peperit
664 529 749 595 impia
768 529 848 589 facta,
859 532 890 579 ut
899 532 1013 596 apparet
1023 544 1058 580 ex
1068 529 1200 582 sacrificio
1211 529 1383 598 Iphigeniae.
1433 546 1435 557 ⁴

194 615 237 666 Vs.
266 615 415 666 roa-135.
453 615 547 682 Neque
575 617 667 667 minus
696 616 765 667 salsa
793 621 832 668 est
860 618 954 684 opinio
984 621 1125 684 poetarum
1154 617 1187 669 de
1215 619 1338 670 aeternis
1356 619 1384 669 in

155 709 242 755 morte
263 704 366 770 poenis,
386 719 456 770 quae
476 703 636 755 hominibus
656 709 758 756 metum
770 706 855 756 affert.
876 706 1037 773 Ignorantia
1047 705 1111 757 illas
1122 706 1205 758 salsas
1215 712 1243 758 et
1253 708 1386 758 terrificas

156 793 299 859 opiniones
319 794 432 858 peperit.
469 791 642 860 Quapropter
661 793 730 845 bene
749 794 829 845 uobis
849 796 918 846 ratio
938 794 1065 847 habenda
1084 800 1124 846 est
1143 811 1204 845 cum
1224 797 1334 862 superis
1354 794 1386 846 de

156 882 238 932 rebus
260 880 344 950 [libro
364 882 386 931 V
407 888 433 933 et
443 882 480 931 Vl
490 880 659 950 explicatis],
671 888 729 933 tum
739 882 772 934 dc
783 884 868 933 animi
880 889 979 935 natura
991 882 1076 952 [libro
1087 883 1126 933 ΙΙΙ
1136 889 1163 935 ct
1172 883 1209 934 IV
1220 882 1396 952 illustrata}-

192 970 237 1021 Vs.
266 970 416 1021 136-145.
453 969 626 1037 Quamquam
652 986 695 1022 mc
715 986 770 1023 uon
791 971 864 1022 sallit
882 971 1077 1023 difficillimum
1097 987 1153 1023 esse
1173 972 1240 1023 haec
1261 973 1387 1024 versibus

158 1058 306 1120 illustrare,
327 1063 417 1109 tamen
437 1058 558 1111 studiose
578 1074 688 1126 operam
707 1058 787 1121 dabo,
808 1064 838 1111 nt
857 1060 950 1112 lumen
971 1062 1030 1123 tibi,
1048 1061 1165 1123 Memmi,
1176 1061 1342 1128 praeferam.
1362 1061 1388 1128 1)

193 1236 274 1287 Liber
299 1236 404 1302 primus
424 1235 560 1287 dividitur
579 1238 608 1287 in
629 1241 719 1303 partes
739 1241 801 1300 tres,
820 1253 939 1304 quarum
958 1240 1047 1305 prima
1065 1238 1228 1307 (146-482)
1247 1238 1322 1289 nihil
1343 1254 1390 1306 per

160 1341 188 1376 se
217 1340 274 1375 esse
303 1329 409 1391 practer
428 1341 541 1393 corpora
560 1330 587 1377 ct
606 1327 688 1377 inane
707 1325 927 1388 demonstratum
947 1326 1034 1379 altera
1052 1327 1216 1394 (483-920)
1236 1326 1389 1394 primordia

158 1429 215 1465 esse
243 1413 331 1465 solida
359 1419 441 1481 atque
469 1419 593 1476 aeterna3
618 1416 698 1466 tertia
717 1414 897 1482 (920-1117)
916 1420 1069 1468 atomorum
1090 1432 1235 1467 numerum
1255 1420 1283 1468 et
1303 1417 1387 1467 inane

160 1520 216 1556 esse
237 1505 355 1555 infinita.

628 1682 693 1732 Pars
713 1682 725 1732 l
744 1681 828 1748 (146-
844 1682 915 1750 482).

462 1770 540 1820 Nihil
556 1778 592 1822 est
605 1787 653 1838 per
670 1787 696 1822 se
710 1778 812 1838 praeter
830 1787 936 1838 corporo
954 1779 977 1822 et
995 1771 1078 1823 inane.

197 1948 253 1998 Hac
273 1949 361 2014 prima
381 1953 457 2014 parte
477 1951 556 2015 poeta
576 1949 694 2015 primum
714 1947 877 2015 (146-328)
895 1948 973 2000 docet
992 1948 1100 2000 nullam
1117 1965 1172 2000 rem
1184 1965 1197 1999 e
1209 1949 1300 2002 nihilo
1310 1950 1391 2017 gigni

159 2035 322 2104 (146-214)
342 2052 390 2087 nec
409 2053 451 2088 res
470 2036 503 2088 ad
525 2037 644 2088 nihilum
664 2038 751 2104 perire
770 2036 923 2104 (215-64),
944 2041 1069 2088 naturam
1089 2039 1176 2105 igitur
1194 2038 1281 2089 caecis
1298 2053 1392 2105 corpo

163 2125 239 2175 ribus
268 2140 309 2175 res
338 2140 431 2192 gerere
451 2123 614 2193 (265-328)
625 2144 632 2187 ;
652 2125 750 2177 deinde
769 2125 934 2192 (329-417)
954 2131 1061 2193 praeter
1080 2142 1193 2194 corpora
1211 2142 1269 2178 esse
1289 2128 1391 2188 inane;

162 2211 281 2279 denique
301 2212 448 2280 (lta-aa)
469 2218 575 2281 praeter
594 2229 707 2281 corpora
726 2218 752 2265 et
771 2216 853 2266 inane
874 2215 944 2265 nihil
965 2231 1021 2267 esse
1043 2231 1089 2282 per
1108 2231 1145 2266 se.

199 2306 347 2353 146-214.
384 2302 467 2352 Nulla
486 2319 524 2353 res
542 2319 555 2353 c
574 2302 651 2352 nihilo
667 2303 782 2370 gignitur
799 2304 920 2355 divinitus
938 2320 1057 2371 unquam.

200 2391 224 2442 1.
261 2391 331 2442 Nam
352 2391 475 2443 159—73
494 2407 536 2442 res
556 2408 681 2459 quaeque
701 2398 809 2444 creatur
827 2409 862 2444 ex
881 2401 947 2444 certa
966 2401 1053 2455 matre,
1073 2409 1109 2444 so.
1129 2392 1176 2443 ubi
1196 2394 1333 2460 cuiusque
1354 2394 1391 2444 rei

166 2482 292 2531 materies
312 2482 399 2543 inest;

202 2568 225 2618 2.
264 2568 543 2634 praeterea174--83
563 2569 642 2622 tlores
662 2572 821 2637 fructusque
837 2587 892 2622 non
913 2571 983 2621 frunt
1002 2572 1054 2621 nisi
1074 2570 1146 2622 certis
1156 2569 1221 2621 anni
1229 2570 1392 2637 temporibus,

166 2656 214 2706 ubi
234 2672 269 2706 sc.
289 2661 361 2707 certa
380 2658 485 2708 semina
504 2674 554 2710 suo
574 2664 694 2726 tempore
713 2659 925 2722 confluxeruut3

202 2745 226 2795 3.
265 2761 345 2811 porro
373 2745 494 2797 184-91
521 2752 552 2798 ut
581 2763 623 2798 res
652 2754 781 2810 crescant,
801 2749 918 2816 temporie
936 2751 1018 2817 spatio
1038 2765 1106 2817 opus
1125 2753 1166 2800 est
1184 2755 1395 2816 crescentesque

167 2849 254 2900 genus
273 2840 400 2896 servant;
420 2850 469 2885 sna
488 2836 575 2903 igitur
593 2838 709 2888 materia
727 2837 858 2899 aluntur3

169 3036 236 3086 luna
254 3039 327 3085 astra
346 3034 452 3085 caelum
472 3050 559 3101 aquae
578 3036 658 3087 certis
677 3035 786 3103 legibus
802 3039 1000 3103 optemperant,
1011 3036 1124 3086 minime
1135 3033 1251 3085 efficitur
1261 3048 1307 3084 eas
1319 3032 1395 3100 leges

170 3124 186 3159 a
213 3105 264 3157 deo
288 3106 321 3156 iis
341 3122 397 3157 nou
416 3121 473 3156 esse
492 3108 663 3157 constitutas.
699 3105 766 3173 (Gfr.
786 3107 828 3157 Ps.
848 3107 900 3157 148
919 3124 945 3158 v.
964 3106 1053 3170 3-6).
1090 3105 1113 3156 U
1145 3105 1219 3156 euim
1239 3105 1262 3154 is
1281 3107 1397 3165 erraret,

170 3179 218 3245 qui
238 3184 335 3228 sonum
355 3176 432 3243 lyrae
452 3177 510 3228 fieri
529 3175 569 3229 ita
587 3174 747 3245 explicaret,
759 3183 789 3229 nt
799 3182 871 3229 certo
882 3182 996 3229 naturae
1010 3177 1118 3229 foedere
1129 3180 1236 3227 certum
1249 3191 1397 3226 nnmerum

170 3249 357 3300 vibrationum
385 3253 489 3299 certum
517 3263 614 3300 sonum
643 3264 734 3300 creare
762 3248 880 3310 diceret3
905 3253 988 3316 atque
1013 3247 1078 3300 inde
1097 3247 1213 3299 efficeret
1231 3263 1289 3314 erpo
1309 3247 1398 3312 ipsam

171 3323 261 3388 lyram
289 3334 372 3370 sonus
400 3320 514 3386 gignere
542 3335 591 3370 nec
616 3332 673 3370 esse
693 3321 740 3386 qui
761 3320 822 3386 lyra
841 3325 957 3383 caneret,
977 3321 1016 3371 ita
1034 3324 1127 3371 errant
1146 3318 1272 3385 Epicurei
1292 3317 1399 3384 quique

172 3407 216 3445 eos
236 3391 321 3441 secuti
341 3389 511 3441 contendunt
529 3392 622 3442 omnia
641 3391 720 3442 certis
740 3391 849 3458 legibus
868 3391 926 3442 lieri
946 3407 1035 3457 neque
1054 3407 1112 3457 erpo
1131 3389 1213 3441 deum
1233 3403 1290 3439 esse
1310 3403 1398 3454 posse,

172 3463 219 3532 qui
249 3476 298 3512 sna
328 3461 352 3510 vi
381 3476 486 3527 suoque
514 3463 627 3512 numine
655 3477 699 3512 eas
728 3461 802 3529 leges
831 3463 869 3513 ita
897 3463 996 3513 crearit
1023 3466 1105 3528 atque
1130 3464 1216 3528 regat,
1236 3464 1267 3510 ut
1287 3458 1399 3509 taudem

172 3537 333 3587 eventurum
362 3533 398 3583 sit
425 3536 456 3583 ut
483 3547 589 3583 summa
608 3533 752 3584 harmonia
779 3533 872 3584 omnia
890 3535 919 3583 in
939 3533 1024 3585 solius
1043 3533 1087 3584 dei
1107 3532 1224 3599 gloriam
1243 3530 1400 3582 concinant.

208 3605 235 3672 1)
256 3603 385 3653 Videmus
404 3606 489 3654 artem
509 3605 636 3665 auctoris,
656 3619 711 3670 qua
730 3603 780 3655 hoc
801 3606 939 3670 prooemio
959 3621 1020 3656 enm
1041 3604 1089 3672 qui
1108 3603 1177 3670 legit
1196 3601 1401 3661 attentomfacit,

173 3693 234 3728 cnm
254 3673 417 3741 polliceatur
429 3689 463 3738 se
482 3679 509 3725 et
527 3674 625 3726 timore
649 3674 762 3726 deornm
781 3691 844 3726 enm
854 3677 1004 3742 mortisque
1016 3675 1132 3726 liberare
1143 3681 1170 3724 et
1181 3688 1271 3724 veram
1283 3675 1401 3722 naturae

174 3748 308 3799 rationem
336 3744 449 3806 docere;
478 3745 591 3807 docilem,
617 3762 678 3796 cum
706 3761 748 3797 res
767 3761 835 3812 quas
855 3747 1044 3798 illustraturus
1063 3750 1104 3797 est
1122 3745 1242 3795 breviter
1261 3746 1386 3809 exponat
1394 3759 1401 3802 ;

174 3818 323 3878 benevolum,
352 3831 414 3866 cum
442 3820 469 3866 et
496 3817 618 3883 inopiam
646 3832 723 3867 suam
751 3818 846 3884 reique
874 3817 1062 3869 difficultatem
1083 3817 1202 3883 proferat
1221 3819 1248 3866 et
1267 3829 1401 3881 magnum

174 3906 255 3941 suum
275 3903 430 3953 argaeum,
450 3888 493 3937 cui
513 3886 630 3955 scripsit,
649 3903 769 3940 amorem
789 3893 911 3940 testetur.

210 3961 353 4010 Praeterea
373 3957 496 4010 videmus
515 3959 671 4011 Lucretium
691 3959 852 4026 Epicuream
863 3960 896 4011 de
906 3959 1167 4011 atomiadoctriuam
1178 3956 1240 4008 idco
1251 3955 1402 4016 illustrare,

176 4037 206 4082 nt
234 4034 337 4081 metum
366 4028 479 4080 deorum
508 4032 658 4097 mortisque
687 4029 776 4082 tollat.
805 4030 970 4082 Moneudum
1000 4036 1090 4081 tamen
1116 4034 1165 4091 est,
1185 4028 1291 4080 etiamsi
1311 4027 1403 4078 omnis

176 4117 266 4153 rerum
296 4105 395 4151 natura
423 4103 582 4153 consisteret
609 4118 643 4153 ex
672 4103 778 4163 atomis,
807 4101 871 4153 inde
900 4107 991 4153 tamen
1025 4117 1082 4153 non
1102 4100 1170 4152 effici
1190 4098 1325 4149 mundum
1346 4114 1403 4149 nou

176 4172 310 4224 divinitus
338 4177 509 4238 procreatum
537 4189 603 4225 esse.
640 4173 728 4225 lmmo
756 4173 963 4225 Brittannorum
991 4172 1204 4224 clarissimorum
1225 4170 1403 4237 physicorum

177 4243 257 4294 facile
278 4243 330 4293 luit
350 4244 475 4310 princeps
495 4242 728 4306 Clark-Maxwell,
748 4245 796 4311 qui
816 4243 910 4296 docuit
928 4248 1041 4304 atomos,
1052 4242 1126 4310 quod
1137 4239 1325 4292 immutabiles
1337 4241 1403 4301 sint,

178 4313 257 4365 nulla
285 4318 399 4365 naturae
428 4316 455 4365 vi
475 4317 605 4367 formatas
625 4331 682 4367 esse
702 4331 796 4382 posse;
816 4320 843 4367 et
861 4314 935 4382 quod
955 4315 1039 4366 atomi
1059 4313 1181 4364 eiusdem
1201 4312 1310 4380 generis
1330 4312 1404 4361 inter

178 4401 206 4437 se
234 4385 290 4435 sint
317 4386 536 4506 corpsimillimaa
564 4387 656 4453 potius
685 4403 768 4438 mauu
797 4388 881 4438 factas
904 4383 1142 4453 (tmanuiactnred
1161 4381 1299 4450 articles’')
1318 4397 1404 4448 quam

179 4461 303 4508 aeternas
323 4457 349 4505 vi
371 4458 420 4508 eri.
