3096 5002
219 577 344 652 corpus
369 561 403 626 et
429 552 537 625 aerias
562 578 663 624 auras
688 576 871 648 roremque
898 552 1062 648 liquoris,

219 670 269 741 nil
296 670 332 741 in
360 668 507 741 concilio
533 681 691 740 naturam
721 676 761 740 ut
788 676 900 739 mutet
925 692 1065 751 eorum,

218 785 316 856 nulia
341 785 407 855 tibi
433 810 473 856 ex
500 784 570 856 illis
595 784 722 881 poterit
747 809 800 855 res
826 808 896 855 esse
923 790 1053 867 creata,

219 926 287 972 non
314 900 491 985 animans,
518 925 586 971 non
614 900 775 972 exanimo
801 924 882 971 cum
910 923 1070 994 corpore,
1098 905 1137 969 ut
1163 897 1281 969 arbos:

218 1016 350 1112 quippe
376 1041 475 1087 suam
501 1017 654 1112 quicque
680 1016 715 1086 in
743 1031 844 1088 coetu
870 1015 1033 1086 variantis
1058 1013 1169 1085 acervi

219 1142 379 1202 naturam
406 1132 581 1216 ostendet,
610 1131 809 1228 mixtusque
836 1130 1013 1202 videbitur
1038 1136 1096 1200 aer

219 1272 299 1318 cum
326 1256 416 1318 terra
442 1247 547 1318 simui
574 1255 678 1343 atque
705 1248 807 1319 ardor
832 1272 912 1318 curn
941 1270 1016 1317 rore
1043 1269 1200 1315 manere.

220 1371 253 1435 at
279 1363 472 1459 primordia
496 1364 688 1460 gignundis
714 1364 750 1435 in
778 1363 880 1434 rebus
906 1367 1041 1458 oportet

220 1488 380 1552 naturam
407 1480 657 1552 clandestinam
686 1505 894 1575 caecamque
920 1479 1106 1562 adhibere,

219 1595 371 1667 emineat
397 1621 439 1668 ne
467 1596 573 1692 quid,
602 1596 695 1692 quod
723 1604 841 1668 contra
869 1603 1002 1691 pugnet
1028 1601 1062 1665 et
1088 1593 1200 1665 obstet

221 1739 290 1808 quo
318 1713 531 1784 minusosse
557 1721 663 1809 queat
688 1713 827 1810 proprie
853 1712 1103 1808 quodcumque
1129 1717 1282 1781 creatur.

269 1827 364 1916 Quin
392 1829 497 1900 etiam
524 1837 686 1925 repetunt
712 1855 732 1901 a
758 1829 851 1901 caelo
878 1836 982 1924 atque
1008 1827 1150 1923 ignibus
1176 1825 1269 1908 eiua,
1422 1841 1448 1892 6.

220 1949 254 2013 et
280 1943 436 2039 primum
462 1945 596 2016 faciunt
622 1946 738 2041 ignem
766 1971 800 2016 se
826 1952 957 2017 vertere
983 1944 1019 2014 in
1044 1967 1147 2021 auras
1201 1955 1204 1961 “

220 2059 325 2143 aeris,
354 2059 436 2131 hinc
462 2060 612 2132 imbrem
638 2061 754 2156 gigni,
781 2070 979 2155 terramque
1006 2058 1114 2130 creari

221 2199 262 2245 ex
288 2174 414 2259 imbri,
441 2185 603 2272 retroque
629 2186 764 2248 eterra
790 2181 914 2247 cuncta
941 2175 1084 2258 reverti,

223 2315 382 2361 umorem
409 2291 584 2387 prinnini,
613 2299 689 2387 post
715 2299 811 2375 adra,
839 2290 967 2362 deinde
993 2290 1162 2374 calorem,

221 2430 285 2476 nec
311 2431 440 2478 cessare
467 2406 551 2478 baeo
577 2408 667 2478 inter
693 2433 727 2478 se
755 2416 907 2490 mutare,
936 2430 1050 2478 meare

223 2546 242 2592 a
268 2522 361 2593 caelo
388 2522 431 2593 ad
457 2530 603 2606 terram,
632 2523 675 2594 de
701 2532 790 2595 terra
817 2522 861 2594 ad
887 2522 999 2592 sidera
1027 2520 1169 2592 mundi.

222 2637 314 2732 quod
344 2638 454 2709 iacere
481 2638 577 2710 haud
605 2638 676 2709 ullo
703 2639 832 2709 debent
858 2636 1050 2733 primordia
1075 2647 1194 2732 pacto.

222 2752 443 2825 immutabile
469 2755 561 2825 enim
591 2753 761 2850 quiddam
789 2777 950 2849 superare
978 2759 1162 2835 necessest,

222 2894 266 2939 ne
292 2893 345 2940 res
371 2869 414 2940 ad
441 2869 554 2940 nilum
582 2869 785 2965 redigantur
811 2868 971 2939 funditus
996 2893 1133 2938 omnes:

223 3009 305 3055 nam
332 2983 581 3080 quodcumque
607 2986 678 3056 suis
705 2992 878 3057 mutatum
907 2984 1037 3055 finibus
1063 2982 1151 3066 exit,

223 3100 389 3171 continuo
417 3100 481 3171 boc
508 3126 599 3172 mors
625 3109 675 3172 est
700 3099 796 3172 iilius
822 3100 917 3196 quod
944 3100 1012 3171 fuit
1037 3105 1134 3170 ante.

223 3224 435 3312 quapropter
461 3217 628 3312 quoniam
655 3242 744 3312 quae
771 3216 876 3312 paulo
902 3217 1056 3287 diximus
1082 3223 1161 3286 ante

163 3351 174 3372 ³
223 3330 259 3400 in
287 3341 539 3404 commutatum
569 3332 733 3416 veniunt,
749 3316 914 3403 constare
941 3340 1109 3403 necessest

224 3471 265 3516 ex
291 3446 368 3519 aliis
393 3473 451 3532 ea,
479 3473 568 3544 cquae
595 3455 770 3544 nequeant
796 3448 987 3520 convertier
1013 3472 1181 3544 usquam,

226 3587 269 3632 ne
295 3562 361 3633 tibi
388 3589 441 3635 res
467 3564 610 3635 redeant
636 3563 679 3634 ad
707 3562 820 3634 nilum
848 3563 1009 3635 funditus
1034 3588 1172 3634 omnes.

225 3679 312 3773 quin
339 3680 455 3775 potius
481 3680 542 3750 tali
568 3688 692 3751 natura
718 3680 875 3776 praedita
901 3679 1071 3776 quaedam

226 3819 366 3891 corpora
394 3796 601 3880 constituas,
628 3796 746 3891 ignem
773 3796 801 3866 si
827 3795 914 3867 forte
941 3795 1108 3878 crearint,

126 3928 180 3978 800
225 3935 322 4005 posse
348 3911 493 3996 eadem,
522 3911 673 4009 demptis
701 3911 820 4007 paucis
846 3912 1036 4007 paucisque
1064 3909 1223 3993 tributis,

225 4025 346 4101 ordine
373 4035 506 4099 mutato
532 4035 566 4099 et
592 4036 709 4111 motu,
736 4027 847 4098 facere
873 4027 960 4098 aeris
986 4051 1105 4111 auras,

173 4238 247 4301 774.
287 4269 307 4303 e.
336 4269 357 4303 c.
385 4269 406 4302 r.
434 4257 475 4303 est
502 4253 668 4303 substantivi
697 4250 773 4311 loco;
802 4251 850 4301 cfr.
874 4249 954 4302 Ovid.
974 4249 1351 4316 Met.1,21pupnoboat....

127 4343 187 4392 sine
209 4342 326 4408 pondero
346 4341 462 4392 babentia
477 4342 597 4408 pondus,
617 4341 674 4390 Liv.
694 4340 753 4400 3‚57
774 4356 823 4389 noa
843 4340 952 4390 iuniores
972 4340 1053 4402 modo,
1072 4339 1117 4390 sed
1134 4338 1254 4388 emeritis
1269 4338 1351 4386 etiarn

128 4430 274 4497 stipendiis
289 4440 391 4497 praesto
404 4430 490 4498 suere.
536 4417 611 4480 782.
649 4437 760 4497 repetant
777 4430 806 4496 (i.
826 4445 848 4481 e.
860 4431 970 4480 initium
981 4428 1095 4495 ducunt)
1106 4426 1260 4477 Heraclitus
1270 4429 1352 4491 atque

128 4536 191 4570 enm
211 4523 294 4570 secuti
316 4520 407 4571 Stoici.
454 4507 527 4567 788.
566 4521 673 4570 atttendas
702 4525 732 4570 ut
752 4533 840 4584 saepe,
860 4520 931 4586 sign.
942 4517 1056 4568 caelum.
1104 4502 1178 4565 794.
1216 4513 1352 4564 (ιηιε.787·
