3096 5002
427 946 751 1040 33333333
786 946 921 1017 eam

323 1140 412 1247 DE
454 1140 699 1249 RERUM
744 1141 1032 1249 ΝΑΤΗΒΑ

505 1383 636 1445 LIBER
660 1383 834 1448 PRIMUS.

136 1787 349 1903 Aeneadum
362 1831 537 1927 genetrirr,
554 1831 738 1904 hominum
753 1833 941 1930 divomque
955 1833 1133 1930 voluptas,
1158 1834 1242 1885 tocies
1259 1834 1389 1916 carminis
1475 1861 1477 1866 ·

135 1946 227 2018 alma
252 1947 389 2031 Venus,
417 1946 503 2018 caeli
529 1948 648 2020 subter
674 1949 828 2022 labentia
853 1949 951 2045 signa
1184 1920 1362 1972 prooemium.

135 2087 224 2158 quae
252 2087 345 2133 mare
371 2061 593 2158 navigerum,
621 2090 710 2160 quae
736 2073 843 2137 terras
869 2065 1104 2161 frugiferentis

136 2176 372 2262 concelebras,
401 2186 521 2275 perte
547 2180 714 2275 queniam
740 2206 849 2276 genus
875 2206 978 2252 omne
1004 2179 1224 2251 animantum

78 2314 94 2362 5
138 2293 334 2390 coneipitur
360 2294 510 2390 visitque
536 2303 694 2366 exortum
723 2295 859 2368 lumina
885 2295 984 2368 selis:

135 2415 188 2492 te,
215 2407 298 2493 dea,
326 2416 359 2480 te
385 2409 527 2505 fugiunt
553 2410 647 2481 venti
693 2419 727 2483 te
754 2412 877 2484 nubila
904 2412 990 2484 caeli

135 2522 395 2620 adventumque
423 2533 543 2609 tuum,
571 2525 637 2597 tibi
663 2527 777 2598 suavis
803 2526 947 2600 daedala
975 2527 1078 2599 tellus

136 2639 325 2710 summittit
351 2639 478 2725 flores,
506 2641 571 2713 tibi
597 2641 713 2714 rident
739 2669 888 2739 aequora
916 2643 1014 2740 ponti

108 2917 126 2976 Ι.
165 2927 295 2979 3133333133
314 2934 378 2980 3331
398 2928 523 2990 Romani,
543 2930 590 2996 331
611 2945 698 2996 genus
714 2917 974 2982 (1333313Τ331333
985 2929 1087 2991 Aenea,
1098 2930 1211 2981 Veneris
1223 2929 1288 2982 11113.

60 3018 145 3069 Ρ3313
175 3016 313 3069 Romanus
343 3016 473 3069 Romanis
492 3004 570 3068 deam
591 3017 777 3069 Romanorum
797 3020 888 3080 sacris,
906 3018 1000 3085 pepuli
1022 3019 1138 3086 originis
1158 3020 1289 3083 memoria

62 3110 260 3173 poetarumque
288 3106 456 3157 carminibus
485 3106 962 3158 33311333333331313.-11113333
982 3107 1015 3158 cd
1036 3107 1173 3174 duplicem
1194 3107 1289 3175 greda-

60 3196 174 3246 tionem.
221 3181 331 3243 l-20.
369 3194 452 3246 Poeta
480 3194 531 3246 hoc
560 3193 643 3244 dicit:
674 3193 695 3245 Ο
725 3195 825 3257 Venae,
854 3212 925 3262 quae
954 3200 1001 3248 133
1021 3198 1134 3247 numine
1154 3196 1288 3248 mundum

60 3282 190 3350 comples,
219 3284 350 3350 qnoniam
376 3299 424 3350 per
443 3289 468 3334 te
488 3299 582 3335 omnes
601 3285 755 3336 animantes
774 3287 985 3352 concipiuntur:
1007 3289 1082 3336 tuem
1102 3286 1156 3335 vim
1176 3286 1290 3352 fugiunt

60 3373 136 3423 venti
165 3376 267 3438 133333
294 3388 377 3440 opera
405 3388 520 3422 vernum
549 3377 656 3439 tempus
684 3374 780 3437 oritur.
818 3373 888 3424 Nam
906 3372 1022 3424 simulac
1041 3389 1089 3425 ver
1108 3389 1165 3425 esse
1189 3376 1291 3441 coepit,

60 3459 194 3512 animalia
213 3464 291 3511 tunm
310 3461 468 3528 significant
486 3460 634 3512 adventum
655 3461 791 3528 efficisque
804 3465 833 3512 31
843 3477 943 3529 genera
954 3467 1114 3530 propagent.
1152 3449 1182 3511 2.
1208 3464 1289 3515 alecus

59 3548 163 3599 dicitur
181 3547 214 3599 de
234 3549 275 3610 iis,
295 3550 343 3616 qui
364 3550 449 3600 vitam
468 3548 511 3600 vel
531 3551 732 3600 nutrimentum
742 3564 854 3616 333333
866 3549 946 3603 mode
959 3551 1089 3617 praebent
1099 3556 1147 3602 aut
1158 3557 1288 3614 tuentur3

60 3638 220 3704 praesertim
249 3639 335 3705 igitur
362 3637 400 3689 de·
425 3638 529 3689 Venere
558 3642 585 3689 et
612 3636 718 3690 Cerere.
760 3628 792 3686 4.
830 3639 985 3689 concelebras
1013 3641 1055 3690 1.3.
1085 3656 1140 3691 333
1170 3645 1289 3707 tempore

60 3731 229 3793 1333333133,
256 3742 397 3815 permeas;
426 3731 473 3779 tuo
502 3728 615 3784 numine
636 3726 763 3793 comples
783 3725 830 3778 Cir
850 3727 874 3788 2,
894 3727 1008 3778 344-6.
1046 3717 1076 3777 5.
1106 3718 1203 3780 lumina
1221 3729 1289 3780 solis.

60 3807 119 3860 Cir.
139 3797 222 3881 φάος
247 3797 378 3885 apeliote.
425 3804 455 3864 7.
493 3816 597 3877 Festus
627 3817 674 3882 331
705 3815 791 3866 Verrii
822 3815 920 3878 Flacci,
941 3816 1061 3884 Augusti
1081 3818 1137 3868 fere
1157 3817 1289 3884 aequalis,

60 3920 131 3972 opus
159 3903 192 3955 de
221 3905 367 3957 verborum
396 3906 553 3972 significatu
583 3906 726 3971 excerpsit,
746 3903 813 3955 dicit
841 3904 993 3959 adcedclcm
1012 3922 1028 3956 3
1047 3888 1179 3957 varietate
1198 3922 1287 3957 rerum

59 3995 296 4060 artificiorumque
316 3993 417 4044 dictam
437 4009 494 4045 esse
513 3992 588 4060 apud
608 3993 765 4044 Lucretium
785 3997 893 4055 terram,
912 3993 985 4060 apud
998 3994 1117 4045 Ennium
1130 3995 1289 4058 Minervam,

60 4090 136 4159 apud
157 4072 311 4158 Vergilium
331 4091 436 4153 Circen,
457 4092 536 4143 facile
556 4096 596 4142 est
615 4091 785 4159 intellegere,
805 4108 866 4142 cum
886 4091 986 4144 Graece
1006 4083 1191 4148 δαιδάλλειν
1206 4095 1289 4161 signi·

61 4194 125 4242 iicet
154 4190 287 4242 variare.”
306 4190 354 4242 hl.
373 4192 480 4258 igitur:
500 4207 570 4257 3333
590 4193 666 4241 varia
686 4192 769 4242 variis
788 4197 861 4242 creat
880 4190 994 4255 artibus.
1032 4179 1062 4239 8.
1100 4192 1181 4242 radere
1200 4192 1244 4242 hic
1263 4198 1290 4244 et

61 4290 159 4353 2,559;
185 4291 281 4352 uiuos
309 4290 410 4342 dicitur
438 4291 471 4341 (13
500 4289 583 4342 undis
611 4290 780 4351 nitentibns;
807 4289 904 4341 Aesch.
924 4290 1013 4341 Prom.
1033 4291 1067 4341 89
1086 4282 1231 4345 ποντίων
1255 4304 1290 4345 τε

58 4369 215 4453 κυμάτων
246 4363 432 4460 ἀνήριθμον
465 4369 607 4452 γέλασμα
635 4386 661 4432 31
689 4378 780 4432 Catul.
808 4379 851 4442 64,
881 4381 932 4432 215
960 4389 1078 4433 resonant
1101 4381 1153 4433 leui
1165 4381 1290 4450 planpore

59 4477 183 4530 cachinni
200 4476 233 4529 de
252 4494 346 4530 earum
365 4477 421 4529 1331
440 4493 590 4530 murmure.
