3096 5002
359 468 430 514 esse
456 449 595 515 aeterna
620 448 749 538 potest,
777 466 858 512 oum
886 448 998 512 cetera
1023 439 1278 511 dissoluantur.

263 578 315 628 555
341 565 438 630 tum
465 583 566 654 porro
592 556 620 628 si
647 556 698 628 nil
723 564 810 628 esset
835 555 931 653 quod
958 555 1061 628 inane
1088 563 1241 639 vocaret,

360 698 463 745 omne
489 673 577 745 foret
602 671 772 744 solidum:
801 672 868 742 nisi
895 680 1014 743 contra
1039 695 1183 768 corpora
1208 679 1301 741 certa

360 797 490 873 essent,
517 813 607 885 quae
633 787 708 860 loca
734 786 948 884 complerent
974 811 1219 884 quaecumque
1244 792 1423 868 tenerent,

361 929 464 976 omne
490 904 585 1000 quod
611 912 662 976 est
687 904 839 1000 spatium
867 928 1015 974 vacuum
1042 910 1213 974 constaret
1238 901 1361 972 inane.

361 1018 502 1091 alternis
526 1019 634 1116 igitur
660 1018 828 1090 nimirum
854 1044 980 1115 corpus
1005 1018 1101 1090 inani

263 1153 314 1203 525
361 1133 616 1219 distinctumst,
643 1134 810 1230 quoniam
838 1159 900 1205 neo
927 1133 1071 1230 plenum
1098 1133 1232 1204 naviter
1257 1138 1351 1204 extat

366 1274 429 1321 nec
455 1275 557 1346 porro
582 1275 751 1333 vacuum3
779 1260 859 1321 sunt
885 1274 966 1346 ergo
992 1273 1136 1346 corpora
1161 1255 1272 1331 certa,

364 1389 453 1460 quae
479 1364 632 1460 spatium
659 1364 803 1460 plenum
831 1365 963 1460 possint
988 1364 1203 1460 distinguere
1229 1362 1345 1434 inani.

364 1479 448 1551 baec
474 1505 588 1575 neque
614 1479 758 1551 dissolui
785 1479 896 1577 plagis
921 1480 1133 1552 extrinsecus
1159 1478 1228 1551 icta

364 1603 508 1691 possunt
533 1621 596 1667 nec
622 1621 724 1692 porro
750 1596 890 1692 penitus
916 1603 1095 1692 penetrata
1120 1595 1246 1679 retexi,

266 1729 319 1778 530
363 1734 426 1780 nec
452 1711 585 1781 ratione
612 1719 747 1806 queunt
772 1710 840 1782 alia
865 1719 1034 1809 temptata
1060 1711 1194 1794 labare;

365 1824 401 1895 id
428 1825 522 1921 quod
551 1826 619 1897 iam
647 1851 752 1922 supra
777 1826 843 1898 tibi
870 1826 975 1923 paulo
1001 1826 1217 1899 ostendimus
1243 1833 1342 1897 ante.

364 1967 445 2012 nam
474 1967 587 2038 neque
613 1941 745 2013 conlidi
771 1943 845 2036 sine
872 1943 968 2014 inani
995 1969 1092 2040 posse
1119 1942 1258 2014 videtur

365 2057 553 2153 quicquam
582 2083 646 2129 neo
672 2059 785 2154 frangi
812 2084 875 2130 neo
901 2059 989 2129 findi
1016 2059 1052 2130 in
1078 2058 1163 2130 bina
1188 2056 1355 2141 secando,

364 2198 428 2244 neo
455 2199 577 2270 capere
604 2199 760 2246 umorem
789 2200 903 2272 neque
930 2174 1014 2245 item
1042 2172 1216 2246 manabile
1242 2173 1353 2269 frigus

268 2307 319 2357 535
366 2313 429 2359 neo
456 2288 667 2385 penetralem
696 2290 833 2387 ignem,
861 2291 991 2388 quibus
1016 2289 1135 2361 omnia
1160 2287 1417 2360 conficiuntur:

364 2412 398 2475 et
425 2429 494 2500 quo
521 2430 680 2501 quaeque
708 2407 817 2502 magis
843 2407 982 2479 cohibet
1008 2431 1061 2478 res
1087 2405 1182 2476 intus
1207 2404 1330 2488 inane,

365 2527 436 2591 tam
463 2521 573 2617 magis
599 2521 653 2592 his
679 2522 783 2593 rebus
808 2522 948 2618 penitus
973 2529 1142 2617 temptata
1168 2518 1330 2590 labascit.

312 2713 387 2775 5l9.
423 2735 511 2794 potest
548 2727 695 2793 Postquam
717 2732 796 2794 pocta
816 2728 942 2794 probavit
961 2728 1101 2778 materiem
1121 2725 1238 2778 solidam
1258 2739 1325 2784 5555,
1345 2728 1417 2774 recte
1431 2738 1490 2775 con·

267 2815 355 2866 cludit
373 2832 430 2866 earn
452 2817 538 2883 igitur
558 2815 639 2866 talem
659 2832 724 2877 osso,
745 2821 776 2866 ut
795 2818 822 2866 in
843 2820 985 2867 aeternum
1005 2831 1114 2866 manere
1130 2813 1218 2882 possit.
1248 2813 1354 2864 Deinde
1366 2812 1490 2879 proximo

267 2909 430 2971 argumento
449 2904 618 2956 demonstrat
636 2904 673 2965 id,
693 2903 767 2970 quod
786 2906 868 2956 inane
888 2921 943 2957 non
960 2905 1067 2967 habeat,
1078 2904 1190 2957 dissolvi
1202 2919 1257 2955 non
1269 2918 1355 2970 posse,
1366 2907 1491 2968 recteque

269 2997 333 3043 tunc
360 2993 469 3044 demum
498 2993 638 3045 concludit
667 2993 815 3060 primordia
843 2999 954 3046 aeterna
981 2996 1036 3045 sint
1064 3010 1159 3046 necesse
1186 3009 1245 3045 esse.
1292 2978 1367 3040 520·
1406 3006 1493 3042 vocare

267 3097 358 3133 555555
376 3082 475 3133 vocivas
493 3082 589 3132 vocatio
608 3084 777 3149 antiquiores
797 3083 953 3134 scribebant
973 3100 1021 3150 pro
1040 3100 1131 3134 vocare
1146 3087 1195 3134 ato.
1224 3081 1256 3132 In
1266 3079 1493 3148 inscriptionibus

268 3187 285 3220 o
304 3186 359 3231 non
379 3170 482 3238 legitur
500 3178 563 3222 ante
583 3171 734 3223 Domitiani
751 3176 881 3239 tempora.
927 3159 1002 3221 522.
1031 3187 1196 3239 quoecumque
1205 3169 1286 3238 (loca)
1296 3173 1337 3220 cst
1347 3168 1492 3221 obiectum.

269 3245 343 3309 525.
368 3259 519 3326 distinpuere
538 3265 578 3310 est
597 3261 712 3310 variarc.
750 3260 786 3311 Ut
806 3260 935 3313 hocloco
955 3277 1053 3328 corpus
1072 3261 1149 3311 inani
1169 3259 1304 3326 distingui
1325 3256 1437 3318 dicitur,
1457 3257 1493 3307 sic

268 3350 319 3401 527
339 3350 458 3415 spatium
478 3350 560 3400 inane
580 3350 668 3416 spatio
689 3348 778 3415 pleno.
799 3379 832 3386 —
851 3349 948 3400 nouiter
965 3351 1037 3416 sign.
1056 3349 1082 3400 1.
1101 3350 1207 3409 acriter,
1227 3351 1338 3399 strenue
1348 3344 1493 3414 (pugnare)

270 3440 294 3490 2.
324 3437 415 3505 plane,
445 3452 564 3504 prorsus,
586 3439 719 3488 universe.
738 3467 772 3474 —
792 3446 871 3488 exstat
888 3454 924 3489 sc.
943 3439 1033 3489 inane.
1080 3424 1155 3486 527·
1193 3435 1263 3486 Sunt
1282 3450 1405 3502 corpora,
1425 3449 1493 3500 quae

269 3527 388 3594 spatium
417 3524 571 3592 complent3
601 3541 654 3577 non
683 3531 773 3576 tamen
793 3529 880 3576 totum
900 3527 1037 3593 spatium
1057 3527 1103 3578 sed
1123 3528 1170 3588 ita,
1192 3529 1221 3577 ut
1240 3524 1353 3592 plenum
1373 3524 1494 3575 varietur

269 3639 299 3674 55
327 3620 515 3688 distinguatur
534 3622 620 3672 inani.
645 3651 677 3658 -
697 3621 773 3672 inane
792 3620 865 3688 apud
885 3621 948 3672 Luc.
967 3638 1073 3689 semper
1092 3621 1296 3673 substantivum
1316 3609 1365 3694 (τὸ
1390 3610 1493 3693 κενόν)

270 3733 326 3768 5555
345 3717 462 3768 videtur.
509 3703 582 3766 531.
620 3733 706 3784 supro.
744 3718 795 3768 215
814 3734 874 3784 sqq.
893 3718 1013 3770 ostendit
1032 3718 1095 3769 Luc.
1115 3717 1185 3769 nihil
1206 3717 1240 3769 ad
1261 3718 1382 3769 nihilum
1393 3719 1494 3780 reduci,

270 3806 315 3858 sed
338 3806 486 3873 primordia
505 3811 616 3860 aeterna
635 3823 691 3858 5555
711 3823 800 3874 neque
820 3808 907 3874 igitur
925 3807 962 3858 sic
982 3808 1022 3858 uti
1043 3823 1085 3858 res
1104 3808 1159 3858 ictu
1179 3807 1348 3858 diverberari
1368 3808 1424 3875 (1.5.
1442 3808 1493 3859 (115-

271 3895 339 3948 solvi
370 3895 459 3962 plagis
488 3897 657 3946 extrinsecus
686 3897 739 3946 icta
767 3896 827 3957 528,
856 3894 929 3962 quod
950 3896 980 3946 fit
999 3894 1164 3957 collidendo,
1184 3885 1496 3964 f1·angcndo,'tindendo

270 3984 321 4034 532
341 3984 393 4051 sq.)
413 3988 461 4034 aut
480 3985 535 4033 vim
557 4000 603 4050 per·
622 3999 716 4035 eorum
736 3985 830 4035 inania
851 3989 991 4051 penetrare
1010 3983 1064 4050 (1.5.
1085 3989 1225 4052 penetrata
1245 3986 1331 4037 retexi
1350 3985 1494 4053 traque]

272 4074 302 4123 fit
322 4088 423 4134 umore,
443 4074 554 4140 frigore,
574 4074 632 4139 igni
653 4073 704 4122 534
723 4074 783 4139 sq).
820 4073 900 4122 Nunc
920 4072 1039 4134 tandem,
1059 4079 1204 4140 postquam
1224 4073 1288 4124 inde
1307 4089 1323 4124 a
1344 4090 1425 4126 versu
1445 4073 1495 4126 50³

271 4161 468 4213 demonstravit
487 4163 514 4212 in
537 4161 692 4228 primordiis
711 4164 806 4212 inania
825 4177 881 4213 non
900 4174 966 4222 5555,
985 4161 1123 4228 explicare
1143 4166 1232 4228 potest
1251 4161 1356 4213 532-9
1373 4162 1412 4224 id,
1422 4162 1496 4230 quod

271 4254 352 4300 antea
378 4249 534 4316 ponendum
554 4255 620 4312 erat,
641 4266 674 4300 ne
693 4252 786 4301 omnia
805 4249 838 4300 ad
860 4249 978 4301 nihilum
999 4249 1128 4301 redirent.
1165 4249 1205 4312 ld,
1225 4250 1300 4317 quod
1319 4268 1346 4302 v,
1365 4251 1418 4302 215
1437 4267 1497 4319 sqq.

271 4337 333 4389 ideo
353 4353 447 4388 verum
467 4354 524 4389 5555
544 4337 694 4399 dicebatur,
715 4340 780 4405 quia
800 4341 966 4390 contrarium
987 4338 1138 4391 absurdum
1158 4344 1236 4402 esset,
1256 4339 1300 4390 hic
1311 4340 1497 4408 explicatione

271 4433 354 4491 atque
374 4427 481 4477 ratione
500 4425 595 4477 addita
616 4443 708 4477 verum
729 4442 785 4478 5555
806 4432 926 4495 apparet.
