3096 5002
752 466 770 499 0

253 530 358 616 atque
384 519 506 591 eadem
534 518 638 616 paulo
664 518 755 589 inter
780 543 815 588 se
842 524 976 588 mutate
1001 540 1116 587 creare

252 635 350 732 ignes
375 643 409 706 et
436 634 597 731 lignum?
623 659 694 730 quo
720 641 821 729 pacto
847 632 951 703 verba
977 656 1118 727 quoque
1145 630 1219 727 ipsa

252 750 342 822 inter
367 776 402 822 se
429 749 533 846 paulo
560 748 703 820 mutatis
728 755 810 819 sunt
835 746 1035 830 clementie,

252 891 332 937 cum
360 865 455 961 ligna
481 872 586 960 atque
612 863 709 959 ignes
735 862 899 933 distincta
926 887 1007 933 voce
1033 870 1213 933 notemus.

154 1001 205 1052 915
251 981 404 1076 denique
430 980 498 1051 iarn
526 1003 771 1076 quaecumque
796 977 833 1048 in
860 977 964 1048 rebus
990 977 1101 1048 cernis
1127 976 1255 1074 apertis

252 1095 280 1167 si
307 1096 381 1167 lieri
409 1120 477 1167 non
505 1121 602 1192 posse
629 1103 748 1192 00100,
776 1094 863 1190 quin
891 1093 1048 1165 materiai

252 1236 395 1308 corpora
421 1210 595 1282 consimili
622 1223 746 1281 natura
772 1208 929 1306 praedita
954 1210 1085 1305 finges,

252 1326 317 1398 hac
342 1327 475 1398 ratione
501 1325 566 1396 tibi
593 1333 741 1422 pereunt
767 1324 959 1422 primordia
985 1349 1120 1395 rerum:

252 1442 312 1514 fiet
336 1441 390 1512 uti
416 1441 487 1512 risu
513 1440 663 1512 tremulo
690 1465 855 1511 concussa
881 1440 1090 1512 cachinnent

154 1572 207 1628 920
251 1565 285 1628 et
310 1556 463 1628 lacrimis
487 1556 583 1628 salsis
608 1564 786 1643 umectent
811 1581 870 1627 ora
894 1580 1087 1652 genasque.

300 1672 404 1744 Nunc
418 1697 499 1768 age,
514 1671 609 1767 quod
621 1696 725 1769 super
738 1678 788 1743 est
801 1696 966 1767 cognosce
979 1679 1014 1742 et
1027 1671 1154 1742 clarius
1167 1670 1266 1742 audi.
1310 1687 1393 1754 omne
1413 1686 1427 1722 e

253 1813 316 1860 nec
342 1813 398 1859 me
423 1787 533 1858 enimi
559 1786 649 1858 fallit
675 1812 779 1882 quam
808 1786 876 1856 sint
903 1786 1066 1857 obscura:
1082 1785 1140 1857 sed
1156 1786 1228 1857 acri
1278 1747 1430 1864 spiiiiinuiai

253 1902 421 1999 percussit
446 1897 564 1999 thyrso
591 1902 704 1974 laudis
729 1927 806 1998 spes
832 1926 958 1997 magna
985 1927 1102 1973 meum
1129 1927 1188 1973 cor

253 2025 287 2089 et
312 2016 417 2087 sinml
444 2017 589 2089 incussit
615 2043 755 2089 suavem
773 2014 832 2088 'mi
859 2017 895 2087 in
923 2025 1044 2113 pectus
1070 2042 1224 2089 amorem

252 2158 450 2217 musarum,
478 2158 548 2229 quo
575 2158 668 2204 nunc
694 2133 880 2204 instinctus
907 2141 1022 2204 mente
1048 2132 1178 2229 vigenti

253 2247 329 2319 avia
355 2247 534 2319 Pieridum
563 2274 707 2345 peragro
734 2248 807 2320 loca
826 2248 968 2338 nullius
994 2256 1073 2343 ante

253 2361 334 2433 trita
359 2362 449 2433 solu.
478 2363 574 2434 iuvat
599 2363 751 2460 integros
777 2364 940 2436 accedere
966 2363 1072 2435 fontis

253 2484 358 2573 atque
385 2476 543 2563 haurire,
570 2478 737 2574 iuvatque
763 2504 867 2551 novos
893 2479 1077 2577 decerpere
1103 2480 1204 2552 flores

253 2593 497 2689 insignemque
525 2620 601 2666 meo
627 2595 733 2691 capiti
761 2605 876 2692 petere
903 2594 985 2666 inde
1012 2620 1194 2687 coronam,

192 2780 196 2800 s
254 2708 348 2780 unde
374 2709 471 2805 prius
498 2709 587 2781 nulli
615 2710 760 2782 velarint
786 2719 943 2807 tempora
970 2736 1108 2795 musae;

254 2823 407 2921 primum
437 2824 532 2920 quod
560 2826 695 2921 magnis
721 2825 828 2897 docco
854 2826 897 2897 de
923 2827 1028 2898 rebus
1053 2834 1087 2897 01
1113 2826 1196 2897 artis

254 2939 461 3035 religionum
490 2924 648 3012 animum
677 2940 778 3012 nodis
803 2940 974 3012 exsolvere
1002 2965 1125 3038 perge,

253 3053 381 3126 deinde
407 3056 504 3152 ‹puod
528 3057 674 3128 obscura
699 3055 743 3127 de
770 3081 805 3127 re
831 3063 902 3127 tam
930 3056 1047 3128 lucida
1074 3081 1193 3153 pango

254 3170 427 3255 carmina,
455 3165 595 3243 musaeo
622 3171 825 3268 contingens
851 3180 977 3243 cuncta
1003 3172 1136 3268 lepore.

155 3303 207 3354 935
253 3285 289 3356 id
317 3311 458 3382 quoque
484 3287 577 3358 eninr
606 3313 675 3358 non
702 3288 745 3359 ab
772 3286 870 3358 nulla
900 3287 1033 3359 ratione
1059 3288 1215 3373 videtur3

253 3400 313 3471 sed
339 3401 447 3472 veluti
475 3397 592 3498 pueris
618 3403 793 3475 absinthia
819 3411 928 3475 taetra
956 3403 1133 3476 medentes

254 3540 335 3586 cum
362 3516 444 3608 dare
470 3526 658 3603 conantur,
686 3519 784 3615 prius
809 3545 903 3604 oras,
932 3518 1057 3616 pocula
1083 3519 1236 3604 circum,

201 3758 277 3820 914.
321 3773 339 3823 i.
358 3788 381 3823 0.
400 3788 568 3839 quamquam
590 3789 675 3835 voces,
695 3790 765 3840 quae
785 3778 840 3825 tem
860 3775 932 3825 inter
951 3790 978 3825 00
993 3774 1274 3842 similessunt,quem
1286 3776 1379 3842 lignum

52 3892 59 3897 -
156 3859 277 3927 0119010,
297 3861 335 3911 ita
359 3860 565 3928 distinguimus,
584 3866 615 3913 01
634 3862 754 3913 divorsas
775 3879 816 3914 res
835 3864 869 3914 iis
889 3868 1022 3915 notemus.
1070 3850 1133 3912 921.
1171 3864 1239 3932 qnod
1255 3880 1331 3931 snper
1347 3871 1381 3914 001

84 3973 85 3976 ¹
156 3948 174 3998 i.
201 3963 225 3998 0.
253 3947 327 4014 quod
353 3948 491 4015 reliquum
511 3953 559 4010 est,
579 3949 651 4016 qnod
673 3956 763 4002 restat.
801 3951 871 4002 Hinc
890 3952 1053 4003 sumendum
1073 3958 1113 4006 est
1131 3953 1286 4005 subiectum
1305 3953 1378 4009 verbi

154 4035 206 4087 sint
231 4036 313 4104 (922).
332 4067 366 4074 -
385 4037 478 4088 clarius
498 4042 524 4089 01
543 4039 647 4090 obserare
666 4041 738 4090 inter
757 4056 784 4091 se
804 4046 990 4107 opponuntur.
1011 4040 1066 4093 Cir.
1086 4042 1147 4093 933.
1185 4029 1260 4091 922.
1292 4040 1378 4092 antini.

156 4123 212 4176 On.
240 4125 274 4176 ad
303 4124 363 4176 136.
410 4113 483 4175 923.
521 4127 603 4193 thyrso
627 4128 810 4195 metaphorica
831 4145 879 4196 pro
898 4129 993 4181 divino
1013 4131 1117 4200 aculeo,
1136 4131 1258 4182 stimulo.
1305 4117 1378 4178 924.

155 4212 224 4265 mii.
241 4229 263 4265 0.
280 4213 357 4265 mihi.
403 4201 478 4264 927.
515 4215 594 4266 solam
613 4217 631 4265 i.
650 4232 673 4266 0.
694 4215 883 4283 plantopedis.
921 4206 995 4267 934.
1033 4219 1177 4286 corrrinpem
1193 4220 1211 4270 i.
1222 4234 1244 4269 e.
1257 4225 1377 4286 tangens.

155 4289 230 4352 935.
273 4319 322 4353 non
350 4303 382 4354 ab
409 4304 479 4355 nollo
507 4320 528 4354 r.
557 4305 575 4354 i.
599 4320 621 4354 0.
641 4320 696 4355 non
716 4306 774 4356 sine
794 4322 815 4356 0,
835 4304 891 4357 cfr.
910 4311 990 4368 stare,
1011 4323 1135 4374 pugnare
1155 4308 1189 4359 ab
1208 4307 1237 4375 (i.
1258 4323 1281 4358 0.
1300 4292 1378 4370 cum).
1401 4314 1404 4319 '

156 4391 234 4443 Mart.
254 4391 340 4453 3‚50,5
360 4392 430 4443 nulla
449 4392 620 4442 cataractone
634 4393 717 4459 focis.
737 4392 792 4445 Cic.
812 4395 846 4445 ad
866 4396 930 4446 fam.
950 4396 1054 4457 11‚10,1
1076 4413 1093 4448 0
1111 4405 1175 4448 cerlo
1193 4413 1268 4448 00000
1286 4405 1309 4449 et
1327 4412 1378 4448 nero

156 4478 256 4533 indicas
275 4480 306 4553 de
325 4481 402 4534 nobis.
423 4480 485 4535 Luc.
506 4481 584 4546 1,(193
603 4489 689 4535 contro
708 4499 800 4535 sarisas
812 4483 844 4536 ul}
862 4484 973 4536 rensidus
992 4493 1122 4556 repupnut.
1196 4527 1197 4530 η
