3096 5002
269 338 314 407 77

313 605 315 609 .
365 543 400 606 et
426 534 488 630 qui
515 533 732 631 principium
758 533 949 630 gignundis
975 540 1053 605 aera
1079 534 1183 605 rebus

366 650 595 735 constituere,
623 658 684 722 aut
709 675 868 722 umorem
895 650 1113 746 quicumque
1140 657 1310 746 putarunt

365 767 495 862 lingere
521 791 574 837 res
600 765 714 862 ipsum
743 791 804 862 per
829 791 883 850 sc,
911 774 1080 838 terramve
1108 790 1223 837 creare

267 901 319 953 710
363 881 482 953 omnia
507 889 541 953 et
567 881 603 952 in
630 905 746 952 rerum
774 888 914 952 naturas
940 881 1065 953 vertier
1091 882 1223 966 omnis,

365 1021 491 1092 magno
517 1021 619 1092 opere
645 1021 664 1067 a
691 1021 770 1067 vero
796 995 898 1092 longe
924 996 1076 1069 derrasse
1102 998 1283 1069 videntur.

364 1109 454 1182 adde
479 1111 584 1183 etiam
612 1111 674 1208 qui
700 1111 951 1208 conduplicant
976 1113 1169 1209 primordia
1195 1137 1331 1196 rerum,

363 1233 441 1298 a'era
467 1226 650 1322 iungentes
676 1226 768 1323 igni,
797 1235 994 1324 terramque
1021 1228 1170 1325 liquori,
1301 1316 1304 1321 Ι

363 1342 485 1438 etqui
511 1350 677 1438 quattuor
701 1368 742 1414 ex
768 1343 872 1415 rebus
897 1369 994 1441 posse
1020 1343 1138 1415 omnia
1165 1350 1286 1415 rentur

267 1476 318 1527 715
348 1461 405 1528 'ex
430 1456 504 1553 igni
530 1468 620 1529 terra
646 1465 751 1553 atque
777 1459 894 1530 anima
920 1484 1134 1556 procrescere
1160 1468 1194 1530 ct
1221 1459 1347 1530 imbri.

364 1598 513 1668 quorum
541 1568 798 1670 Acragantinus
823 1599 905 1645 cum
932 1574 1055 1671 primis
1082 1573 1309 1672 Empedocles
1335 1582 1404 1657 est,

364 1687 478 1760 insula
503 1714 608 1785 quem
635 1689 814 1785 triquetris
838 1698 1007 1762 terrarum
1035 1690 1140 1786 gessit
1164 1689 1200 1760 in
1228 1689 1315 1775 oris,

364 1828 470 1899 quam
496 1803 639 1877 fluitans
665 1805 795 1877 circum
825 1806 959 1902 magnis
985 1805 1199 1878 anfractibus
1225 1829 1356 1900 aequor

364 1918 504 1990 loniurn
531 1918 664 2015 glaucis
690 1920 841 2017 aspargit
867 1921 961 1992 virus
986 1921 1030 1993 ab
1056 1921 1182 2006 undis,

268 2054 319 2104 720
364 2042 580 2131 angustoque
607 2036 697 2108 lretu
724 2036 888 2132 rapidum
916 2061 1010 2107 mare
1037 2036 1164 2108 dividit
1190 2035 1296 2107 undis

365 2148 486 2222 ltaliae
512 2158 683 2222 terrarum
710 2177 785 2223 oras
811 2178 831 2223 a
857 2151 987 2223 finibus
1013 2152 1105 2240 eius,

312 2403 464 2466 707-l0·
503 2417 600 2468 Milesii
621 2417 730 2478 Thales,
749 2419 798 2484 qui
817 2415 912 2469 floruit
930 2433 952 2467 c.
971 2432 996 2467 a.
1015 2415 1076 2477 590,
1096 2432 1204 2482 aquam,
1225 2415 1423 2475 Anaximenes,
1444 2415 1494 2480 qui

268 2511 363 2564 7107777
390 2530 411 2565 7.
439 2531 463 2565 a.
492 2516 552 2576 550,
580 2518 643 2566 aera
672 2515 753 2566 rebus
783 2515 897 2581 primam
927 2529 984 2564 csse
1010 2513 1152 2564 materiam
1171 2511 1359 2580 (principium,
1379 2495 1496 2590 ἀρχήν)

268 2615 436 2673 statuerunt;
455 2612 503 2677 qni
523 2616 621 2662 terram
642 2612 777 2672 statuerit,
798 2610 1083 2662 nullumnovimuset
1102 2607 1263 2661 Aristoteles
1273 2608 1379 2660 dicitse
1389 2611 1495 2673 mirari,

267 2697 341 2766 qnod
362 2715 441 2750 nemo
461 2703 560 2750 terram
580 2701 707 2751 statuerit
726 2700 840 2766 primam
861 2715 918 2751 esse
935 2699 1086 2751 materiam.
1124 2697 1387 2770 Xenophaniaenim
1400 2715 1496 2751 7777777

266 2787 301 2852 ἐκ
337 2789 425 2876 γαίης
460 2787 519 2872 γὰρ
554 2789 665 2853 πάντα
699 2786 751 2852 καὶ
786 2785 830 2860 εἰς
866 2789 925 2876 γῆν
949 2787 1059 2852 πάντα
1082 2785 1217 2871 τελευτᾷ
1236 2812 1291 2848 777
1311 2795 1344 2848 de
1364 2798 1496 2850 omnibus

267 2896 356 2958 rebus,
376 2895 422 2947 sed
442 2895 632 2948 tantummodo
651 2895 684 2946 de
704 2896 871 2947 animalibus
892 2895 1066 2946 terrestribus
1085 2893 1174 2945 dictas
1187 2909 1245 2945 esse
1257 2893 1419 2956 videtur;et
1431 2893 1497 2946 Phc-

267 2991 387 3059 recydes,
416 2993 463 3059 qni
493 2991 587 3043 ssornit
615 3008 636 3042 c.
664 3007 689 3042 a.
718 2991 778 3053 600,
807 2993 885 3042 cuius
914 3008 1022 3043 versum
1048 2981 1128 3054 Ζεὺς
1150 2983 1210 3063 μὲν
1233 2979 1286 3046 καὶ
1310 2981 1442 3069 Χρόνος
1465 2982 1497 3055 ἒς

269 3079 317 3152 ἀεὶ
341 3084 394 3150 καὶ
418 3086 524 3150 Χθὼν
548 3073 587 3173 ἦν
607 3094 745 3162 Diogenes
765 3095 860 3147 laudat
879 3096 966 3160 1,119,
977 3099 1025 3148 vix
1035 3099 1107 3149 inter
1119 3097 1296 3166 philosophos
1307 3097 1496 3149 numerandus

268 3200 316 3245 est.
369 3181 421 3243 7ΙΙ.
460 3194 573 3244 dorcam
592 3195 610 3243 i.
630 3209 652 3244 e.
672 3192 818 3244 deerrasse.
856 3191 912 3244 Cfr.
932 3194 1001 3246 desse
1019 3196 1037 3246 i.
1057 3211 1080 3246 e.
1100 3195 1193 3251 deesse
1212 3195 1282 3256 1,43.
1329 3181 1395 3243 713.
1434 3200 1496 3245 oe'ro

266 3290 289 3333 et
307 3283 389 3349 ignem
408 3298 465 3334 esse
487 3283 621 3349 principia
640 3280 795 3348 Oenopides
814 3280 909 3343 Chius,
928 3285 977 3350 qui
997 3283 1092 3336 tloruit
1111 3300 1132 3335 c.
1152 3300 1176 3335 a.
1187 3285 1360 3345 50ος7777077
1370 3291 1393 3334 et
1401 3299 1496 3350 aquom

268 3372 395 3422 statuisse
423 3371 524 3422 dicitur
543 3370 735 3438 Xenophanes,
755 3372 802 3437 qui
822 3376 904 3422 natus
924 3376 964 3423 est
983 3389 1005 3423 7.
1024 3389 1048 3423 7.
1068 3373 1129 3435 575,
1149 3388 1316 3439 quamquam
1338 3387 1393 3422 uon
1414 3387 1495 3423 omne

268 3459 341 3526 quod
362 3463 410 3520 est,
430 3458 476 3510 sed
496 3475 559 3510 eum
578 3459 769 3511 tantummodo
789 3459 923 3511 mundum
943 3477 978 3515 ex
997 3463 1031 3512 iis
1050 3465 1171 3513 creatum
1191 3461 1265 3522 dicit,
1276 3476 1358 3527 qnam
1369 3460 1495 3512 sensibus

269 3549 369 3601 nostris
388 3563 539 3599 cernamus.
586 3535 649 3598 7l5·
688 3548 776 3598 077777
795 3552 858 3600 nera
877 3551 948 3616 sign.
967 3551 1049 3600 etiam
1070 3549 1157 3611 5336,
1177 3548 1272 3600 flatum
1294 3549 1368 3600 venti
1381 3548 1494 3609 5,1230;

269 3638 355 3699 (7578,
382 3637 442 3688 003.
462 3637 522 3689 008.
569 3624 632 3685 7¹6.
670 3635 826 3687 Lucretium
846 3639 873 3687 in
894 3655 943 3690 suo
963 3638 996 3689 de
1015 3655 1106 3689 rernm
1127 3643 1227 3689 natura
1246 3637 1366 3688 carmine
1385 3653 1493 3688 carmen

270 3733 450 3801 Empedoclis,
478 3734 552 3801 quod
582 3734 742 3785 inscribitur
760 3721 835 3807 περὶ
860 3725 987 3807 φύσεως
1006 3738 1115 3803 saepius
1134 3737 1272 3787 imitatum
1292 3750 1351 3786 esse
1370 3724 1405 3786 77
1426 3736 1495 3802 frag-

269 3833 377 3897 mentis,
397 3847 467 3899 qnae
486 3837 640 3899 supersunt,
652 3837 773 3898 apparet.
793 3832 970 3899 Empedocles
981 3834 1190 3902 Agrigentinus,
1201 3834 1250 3900 qui
1261 3832 1357 3885 ssorait
1366 3848 1388 3883 c.
1399 3849 1425 3884 a.
1435 3833 1494 3893 455,

270 3929 364 3983 docuit
373 3936 504 3998 quattuor
515 3931 649 3982 elementa
660 3947 730 3982 esse:
742 3947 852 3998 aquarn,
864 3936 971 3994 terram,
982 3937 1053 3995 adra,
1064 3936 1170 4000 ignem;
1181 3945 1252 3998 quae
1262 3931 1382 3982 invicem
1393 3928 1494 3992 νεῖκος

270 4021 405 4087 seiungat,
429 4010 523 4095 φιλία
542 4022 649 4087 iungat.
687 4020 747 4087 Ipse
775 4019 808 4070 de
834 4036 861 4071 se
881 4020 953 4073 dixit
971 4010 1030 4091 ἐγώ
1052 4005 1081 4073 δ’
1107 4007 1207 4092 ὔμμιν
1226 4019 1272 4086 (77.
1292 4018 1494 4087 Agrigentinis)

269 4116 349 4189 0707
384 4113 543 4201 ἄμβροτος
579 4109 686 4182 οὐκέτι
721 4117 845 4204 {loquis
881 4118 1057 4198 ΙΙωλεῦμαι
1091 4117 1172 4198 μετὰ
1205 4117 1290 4182 πᾶσι
1322 4122 1493 4198 τετιμένος,

270 4215 377 4308 ὥσπερ
412 4225 504 4288 ἔοικε.
552 4228 626 4291 717.
665 4241 694 4283 tr.
723 4233 749 4282 io
777 4252 800 4283 o.
839 4232 905 4283 lnde
933 4232 1027 4284 Sicilia
1055 4233 1120 4284 olim
1141 4233 1284 4284 Trinacria
1302 4233 1494 4300 appellabatur

271 4335 353 4396 atque
382 4332 409 4380 in
439 4332 558 4382 nummis
587 4329 731 4382 nonnullis
759 4329 958 4392 siciliensibus,
988 4330 1074 4382 veluti
1104 4332 1131 4381 in
1161 4333 1203 4392 iis,
1231 4347 1300 4398 quos
1329 4330 1494 4399 Agathocles

271 4417 467 4484 Syracusarum
496 4424 630 4484 tyrannus
664 4420 735 4480 fecit,
755 4420 917 4485 impressum
936 4424 978 4470 est
996 4425 1078 4486 caput
1096 4419 1258 4483 humanum,
1277 4422 1321 4471 777
1342 4426 1396 4472 tres
1417 4418 1494 4492 pedes

273 4507 358 4562 7777777
380 4512 452 4559 saint.
499 4495 572 4556 720·
611 4525 636 4558 a.
650 4507 680 4575 s.
701 4508 841 4578 iungenda
861 4513 925 4561 sant
944 4525 1005 4559 curn
1024 4509 1153 4580 rapidam.
