3096 5002
128 522 133 528 '
224 511 434 608 contingunt
459 510 573 582 mellis
599 510 695 581 dulci
722 510 880 606 flavoque
907 509 1061 606 liquore,

222 636 262 699 ut
288 653 478 725 puerorum
506 635 598 698 aetas
623 625 807 722 inprovida
833 625 1035 697 ludificetur

121 763 179 815 940
223 743 400 816 labrorum
427 751 548 827 tenus,
575 742 706 813 interea
732 748 891 838 perpotet
916 765 1074 811 amarum

224 859 377 931 absinthi
403 859 561 942 laticem,
589 848 805 952 deceptaque
830 881 899 926 non
926 855 1102 951 capiatur,

222 975 281 1046 sed
304 975 424 1072 potius
450 973 511 1046 teli
539 980 638 1070 pacto
664 979 815 1043 recreata
840 970 1005 1055 valescat,

221 1091 270 1162 sic
295 1115 358 1187 ego
385 1114 498 1173 nunc,
526 1089 693 1185 quoniam
721 1087 805 1159 haec
831 1088 918 1159 ratio
946 1086 1155 1184 plerumque
1181 1087 1319 1158 videtur

222 1205 352 1277 tristior
377 1230 449 1276 esse
475 1204 606 1300 quibus
631 1230 701 1276 non
727 1214 778 1276 est
803 1211 967 1288 tractata,
995 1210 1157 1299 retroque

222 1322 342 1417 volgus
367 1321 530 1392 abhorret
556 1320 599 1391 ab
626 1319 709 1404 hae,
737 1319 831 1391 volui
858 1319 924 1391 tibi
950 1318 1207 1415 suaviloquenti

222 1437 375 1508 carmine
401 1435 514 1507 Pierio
540 1435 709 1507 rationem
735 1460 905 1532 exponere
932 1441 1083 1506 nostram

221 1563 256 1623 et
281 1552 381 1648 qnasi
408 1576 548 1622 musaeo
574 1550 671 1622 dulci
698 1551 897 1646 contingere
924 1549 1045 1633 melle;

222 1668 250 1739 si
276 1668 342 1739 tibi
368 1667 456 1739 forte
482 1668 640 1739 animum
668 1667 730 1739 tali
756 1667 890 1739 ratione
916 1686 1032 1738 tenere

223 1783 380 1855 versibus
405 1783 442 1854 in
469 1783 594 1855 nostris
620 1809 774 1880 possem,
803 1782 888 1854 dum
917 1782 1084 1880 perspicis
1110 1807 1248 1853 omnem

222 1907 382 1970 naturam
409 1923 550 1983 rerum,
577 1924 647 1994 que
674 1906 806 1970 constet
831 1905 969 1995 compta
996 1899 1125 1995 figura,

271 2014 338 2085 Sed
364 2015 531 2110 quoniam
559 2013 663 2085 docui
689 2014 897 2099 solidissima
925 2014 1082 2086 materiai

222 2154 365 2227 corpora
392 2139 560 2227 perpetuo
586 2130 729 2202 volitare
755 2129 885 2201 invicta
911 2155 972 2226 per
999 2156 1139 2215 aevom,

222 2271 316 2317 nunc
342 2271 415 2342 age,
442 2246 594 2317 summai
620 2246 792 2343 quaedam
819 2246 864 2317 sit
889 2247 969 2317 finis
994 2271 1160 2341 eorum„

223 2386 331 2433 necne
356 2362 419 2445 sit,
446 2361 666 2433 evolvamus:
695 2362 779 2434 item
806 2361 902 2458 quod
928 2362 1032 2433 inane
1057 2368 1268 2461 repertumst

162 2497 173 2508 ⁸
220 2502 281 2548 seu
307 2476 402 2548 locus
428 2502 467 2549 ec
493 2477 664 2574 spatium,
692 2477 806 2548 resin
833 2502 903 2573 quo
930 2502 1090 2574 quaeque
1115 2486 1298 2573 gerantur,

222 2591 466 2688 pervideamus
490 2600 610 2664 utrum
638 2593 779 2664 finitum
806 2592 967 2664 funditus
993 2617 1096 2664 omne

221 2715 371 2791 constet,
399 2733 442 2779 an
469 2708 680 2780 immensum
708 2716 823 2805 pateat
848 2716 1011 2805 vasteque
1038 2707 1274 2805 profundum.

270 2824 383 2894 Omne
410 2823 503 2919 quod
531 2831 581 2894 est
606 2823 715 2919 igitur
740 2823 838 2895 nulla
862 2824 1003 2923 regione
1030 2824 1163 2896 viarum
1349 2861 1408 2913 avg.
1427 2844 1452 2896 1.

221 2938 413 3009 finitumst:
442 2963 593 3034 namque
620 2947 814 3010 extremum
842 2939 992 3011 debebat
1018 2938 1167 3037 habere:

220 3062 414 3126 extremum
442 3079 543 3151 porro
570 3054 702 3125 nullius
729 3080 826 3150 posse
852 3053 991 3126 videtur

220 3194 310 3253 csse,
337 3169 404 3240 nisi
434 3170 523 3241 ultra
548 3169 593 3240 sit
619 3168 714 3265 quod
741 3170 858 3253 finiata
889 3163 927 3241 ut
953 3169 1113 3242 videatur

221 3309 290 3379 quo
318 3309 387 3355 non
415 3284 552 3382 longius
578 3286 662 3357 haee
688 3310 808 3356 sensus
834 3295 958 3357 natura
984 3294 1167 3382 sequatur.

221 3424 315 3470 nunc
341 3407 436 3471 extra
462 3426 635 3473 summam
663 3401 831 3497 quoniam
858 3401 907 3472 nil
934 3426 1005 3472 esse
1031 3400 1232 3487 latendum,

222 3540 291 3586 non
318 3515 423 3587 habet
449 3524 663 3601 extremum,
691 3526 783 3589 caret
809 3542 888 3613 ergo
915 3518 985 3589 fine
1011 3518 1204 3617 modoque.

125 3649 174 3700 965
221 3656 284 3701 nec
311 3630 414 3702 refert
440 3632 571 3727 quibus
597 3632 740 3704 adsistas
767 3633 968 3728 regionibus
994 3634 1090 3705 eius:
1143 3732 1145 3736 ι
1224 3699 1227 3705 ,

166 3841 242 3905 950.
279 3871 373 3904 comere
402 3855 510 3921 proprie
537 3855 609 3922 sign.
637 3871 816 3922 componere3
837 3855 922 3906 sich.
944 3855 969 3917 l.,
990 3855 1184 3918 3,259;4,2v;
1204 3858 1252 3908 cfr.
1272 3857 1352 3919 3,·845

123 3952 220 4010 coneptu
239 3942 409 4010 contupioqae.
447 3943 551 3994 Deinde
572 3943 673 3995 dicitur
692 3943 725 3994 de
744 3943 861 4010 capillis,
880 3945 928 4010 qui
949 3949 1113 4006 nectuntur3
1136 3947 1292 4012 oppositum
1311 3951 1352 3998 est

122 4033 221 4083 solvere.
259 4030 314 4083 On.
334 4031 426 4082 Tibul.
446 4031 516 4093 4,2,9
534 4048 577 4082 sea
595 4031 668 4082 soluit
685 4031 775 4085 crines.
789 4031 862 4098 fusis
882 4033 948 4083 decet
966 4049 1017 4084 esse
1035 4033 1135 4100 capillis
1145 4052 1154 4097 ;
1172 4034 1221 4084 Sea
1239 4035 1352 4101 compsit,

123 4120 226 4187 coneptt's
250 4128 286 4171 est
303 4120 447 4171 renuendo
466 4119 551 4170 cornis.
598 4107 673 4168 958.
711 4119 783 4181 Luc,
803 4136 863 4170 cum
885 4127 945 4187 post
964 4121 1161 4188 digressionem
1182 4123 1215 4174 ad
1233 4123 1353 4191 disputa-

122 4210 225 4261 tionem
255 4211 409 4261 institutam
430 4208 509 4270 redit,
529 4215 644 4276 usurpat
662 4208 740 4276 ipirur
757 4209 799 4275 (ut
818 4208 916 4272 1‚41a,·
935 4210 1023 4277 3,323)
1041 4217 1091 4262 aut
1109 4227 1167 4278 erpo
1186 4212 1228 4278 (ut
1246 4212 1353 4279 ailae)

122 4303 170 4348 aut
198 4298 281 4364 itaque
308 4298 350 4364 (ut
368 4296 466 4365 3,106).
512 4284 587 4345 960.
624 4297 717 4348 nullius
743 4298 760 4348 i.
780 4312 803 4347 e.
824 4296 930 4349 nullius
950 4300 997 4349 rei.
1036 4296 1145 4350 Claud
1166 4299 1254 4361 1‚224.
1278 4289 1353 4351 961.

123 4402 164 4451 aq.
194 4387 212 4436 i.
240 4401 263 4437 e,
292 4387 330 4436 ita
360 4390 390 4437 ut
418 4387 454 4436 sit
472 4385 590 4453 aliquid,
609 4401 665 4452 quo
684 4385 750 4436 haec
770 4391 869 4436 natura
889 4385 1000 4454 longius
1020 4403 1075 4439 non
1095 4393 1228 4455 sequetur
1247 4395 1354 4441 nostros

122 4491 226 4536 sensus,
247 4476 264 4525 i.
284 4491 307 4526 e.
327 4474 443 4540 aliquid,
463 4474 534 4540 quod
556 4476 592 4526 sit
611 4474 684 4525 ultra
704 4490 794 4525 rerum
816 4478 929 4525 uairnae
950 4476 1088 4526 terminos.
