3096 5002
157 237 177 304 6

155 435 247 501 apuam
275 441 319 484 aut
346 442 438 484 terram
465 441 509 483 aut
527 430 576 482 <loo
595 439 640 482 aut
656 438 772 498 quattuor
789 429 916 493 elemento,
936 445 1039 498 qaorum
1053 429 1139 498 facile
1153 426 1275 497 princeps
1293 423 1381 480 dieitur

154 521 336 589 Empedoclea:

192 610 216 661 1.
256 611 382 677 primum,
412 610 525 669 742-5,
554 608 627 676 quod
647 610 729 660 inane
749 624 805 659 esse
826 613 936 675 negant,
956 608 1021 659 lieet
1039 609 1154 659 materia
1173 609 1206 658 iis
1226 606 1320 659 mollis
1341 608 1382 658 sit.

193 699 217 750 2.
255 697 362 760 deinde,
383 699 514 760 746-52,
534 697 607 765 quod
628 700 709 749 finem
729 713 786 748 esse
805 697 951 765 frangendi
972 702 1083 764 negant.

192 788 217 838 3.
255 787 308 838 huc
327 787 439 848 aceedit,
460 787 573 849 753----8,
592 785 675 853 quod,
696 785 846 853 primordia
864 788 887 837 si
906 786 1003 838 mollia
1022 791 1119 848 essent,
1139 785 1172 837 ad
1193 783 1315 837 nihilum
1330 786 1382 836 iam

155 875 264 927 redacta
283 880 373 927 essent
392 891 489 942 resque
508 891 542 926 ex
562 875 652 926 nihilo
671 875 775 926 fierent.

190 964 215 1016 4.
252 964 351 1016 deinde
371 964 492 1015 759-62
513 966 584 1015 inter
603 979 631 1015 se
650 965 762 1014 inimica
781 962 831 1013 illa
850 968 915 1015 sunt
934 963 1084 1031 primordia
1103 962 1207 1025 mollia,
1227 978 1314 1029 quare
1334 968 1382 1014 aut

155 1069 300 1121 congressa
319 1054 449 1120 peribunt
467 1057 516 1103 aut
534 1051 691 1119 diffugient.

190 1145 215 1194 5.
252 1142 371 1208 denique
400 1141 520 1192 763-81
550 1142 607 1191 sive
635 1145 766 1207 quattuor
794 1140 929 1192 elemento
960 1142 1060 1191 mutari
1091 1140 1222 1191 dicuntur
1241 1142 1269 1191 in
1290 1155 1384 1192 omnes

156 1247 198 1282 res
217 1236 299 1297 atque
318 1232 347 1280 in
367 1246 398 1281 ea
408 1245 450 1282 res
460 1245 554 1282 ornnes
564 1245 673 1280 rursum
683 1228 805 1291 dissolvi,
815 1245 864 1280 our
873 1229 923 1280 illo
935 1231 1025 1296 potius
1035 1229 1171 1280 elementa
1181 1245 1238 1280 esse
1249 1228 1381 1280 dicuntur

157 1336 240 1386 quam
260 1316 322 1370 res?
359 1317 421 1370 Sive
440 1323 532 1370 autem
551 1318 687 1370 elementa
705 1317 891 1369 immutabilia
909 1334 966 1370 esse
987 1319 1174 1385 perhibentur,
1194 1318 1274 1369 nulla
1294 1333 1337 1369 res
1352 1333 1385 1368 ex

161 1410 194 1459 iis
214 1409 299 1458 creari
321 1409 428 1475 poterit.
465 1407 502 1458 At
522 1407 671 1474 primordia
690 1406 796 1457 nullius
807 1408 845 1458 rei
856 1407 983 1469 similem,
994 1406 1040 1458 sed
1051 1409 1130 1474 quasi
1141 1423 1247 1459 eaeeam
1259 1411 1385 1458 naturam

159 1496 259 1547 habere
280 1511 385 1548 neeesse
405 1501 453 1558 est,
473 1500 504 1547 ut
522 1512 557 1546 ex
576 1496 634 1547 illis
652 1511 695 1547 res
713 1501 839 1548 creentur
858 1497 959 1548 variae.

194 1584 218 1636 6.
255 1586 324 1651 quin
353 1586 434 1635 etiam
464 1584 604 1635 rsa-829
632 1585 680 1650 qui
704 1583 800 1637 dieunt
819 1585 887 1637 coeli
906 1587 984 1653 ignes
1004 1587 1105 1636 mutari
1124 1587 1153 1636 in
1173 1588 1244 1646 aira,
1264 1584 1339 1635 hune
1358 1585 1386 1634 in

160 1674 284 1735 imbrem,
313 1674 428 1724 imbrem
458 1675 486 1723 in
516 1679 615 1724 terrem
644 1678 726 1740 atque
754 1690 863 1725 rursum
892 1679 992 1726 terram
1012 1675 1040 1724 in
1060 1689 1183 1726 umorem
1201 1677 1266 1724 aera
1285 1674 1386 1740 ignem,

157 1767 249 1813 errant
268 1764 334 1829 quia
353 1763 495 1813 materiam
516 1762 677 1813 mutabilem
697 1768 812 1829 ponunt.
850 1763 937 1816 Immo
957 1763 1114 1830 primordia,
1134 1778 1204 1830 quae
1225 1761 1332 1812 nullius
1348 1762 1385 1812 rei

158 1850 261 1902 habent
289 1855 425 1911 naturam,
455 1852 547 1917 ignem
578 1855 721 1917 postquam
751 1857 886 1914 crearunt,
914 1851 1011 1904 ordine
1040 1857 1066 1903 et
1094 1856 1169 1903 motu
1199 1855 1306 1902 mutato
1325 1853 1387 1901 abra

158 1939 288 1990 efficiunt.
328 1938 381 1993 tAt
400 1938 524 1990 videmus
543 1954 585 1990 res
605 1955 722 1992 erescere
741 1957 776 1992 ex
795 1943 915 1992 terrain
934 1945 997 1992 aera
1016 1940 1073 1993 sole
1088 1937 1386 2006 imbribusquelotas.''

158 2029 296 2079 Nimirum
316 2030 383 2095 quia
403 2028 554 2096 primordia
572 2028 661 2080 multa
681 2029 775 2081 multis
794 2031 876 2082 rebus
895 2031 1051 2081 eommunia
1070 2035 1282 2095 sunt3namque
1293 2026 1385 2079 eadem

157 2117 262 2168 eaelum
283 2133 357 2168 mare
377 2121 462 2169 terras
481 2117 591 2169 arbores
611 2119 791 2180 constituunt,
812 2135 906 2170 verum
925 2119 981 2170 alia
1000 2119 1063 2170 aliis
1082 2118 1192 2185 alioque
1212 2116 1294 2170 modo
1318 2133 1387 2169 eom·

157 2209 245 2259 mixta
274 2212 339 2259 sunt
366 2212 448 2273 atque
476 2206 532 2259 alio
560 2207 641 2259 modo
669 2209 741 2259 inter
759 2223 787 2258 se
806 2213 960 2270 moventur,
980 2213 1011 2259 ut
1029 2208 1139 2260 eaedem
1159 2207 1267 2258 litterae
1288 2205 1384 2258 ordine

160 2300 314 2364 permutato
334 2297 410 2346 varia
429 2296 513 2347 verba
532 2298 711 2348 constituunt.

193 2387 342 2436 sto-920.
380 2384 494 2451 Denique
521 2384 617 2452 refutat
643 2383 814 2452 Anoeaporoe
841 2387 972 2449 rationem,
1000 2403 1063 2453 (puae
1087 2386 1268 2437 horaoeomeria
1287 2385 1386 2436 dieitur.

161 2483 188 2534 Is
207 2482 284 2534 doeet
304 2485 437 2549 cuiusque·
457 2484 495 2534 rei
515 2482 558 2534 vel
578 2484 706 2534 minimas
727 2489 815 2550 partes
835 2477 936 2562 (μέρη)
956 2484 1112 2535 simillimas
1131 2468 1250 2558 (ὅμοια)
1271 2500 1329 2535 esse
1349 2484 1385 2534 rei

159 2569 288 2626 naturae3
317 2580 378 2616 ossa
406 2565 492 2631 igitur
519 2580 554 2615 ex
583 2566 697 2616 minutis
716 2570 840 2616 constare
859 2565 983 2628 ossibus;
1003 2571 1085 2633 atque
1105 2571 1146 2617 tot
1164 2580 1221 2616 esse
1241 2565 1386 2626 elementa,

157 2659 225 2721 quot
244 2656 300 2705 sint
318 2670 419 2721 genera
439 2670 539 2705 rerum.
558 2654 630 2715 Luc,
641 2655 701 2705 eius
711 2655 844 2704 rationem
857 2660 887 2704 ut
897 2655 1006 2716 refutet,
1017 2655 1083 2705 haee
1095 2656 1196 2720 profert
1206 2659 1387 2722 argumenta:

192 2744 218 2796 1.
256 2743 360 2795 sas-6
380 2749 461 2805 errat,
481 2743 555 2810 quod
576 2748 659 2811 negat
677 2759 734 2795 esse
754 2745 835 2794 inane
855 2747 882 2794 et
900 2744 982 2794 finem
1002 2742 1159 2811 frangendi.

193 2834 217 2885 2.
254 2833 323 2884 adde
343 2832 417 2900 quod
437 2832 560 2884 847-58
579 2833 763 2900 Anaxagorae
779 2831 937 2899 primordia,
948 2832 1030 2883 rebus
1041 2832 1193 2893 simillima,
1205 2830 1303 2883 mollia
1313 2835 1386 2882 sunt.

193 2933 219 2984 3.
257 2936 396 2999 praeterea
430 2930 552 2982 859--66
581 2933 637 2982 sive
657 2930 734 2980 cibus
754 2912 950 3008 ὄμοιομερής
969 2947 1026 2982 esse
1045 2930 1154 2992 dieitur,
1175 2935 1282 2982 nostrae
1303 2945 1388 2982 venae

157 3024 271 3090 sanguis
305 3037 365 3074 ossa
397 3038 432 3073 ex
464 3021 562 3072 alienis
592 3021 735 3088 portibus;
769 3021 826 3071 sive
859 3021 925 3072 haee
953 3026 1018 3073 sunt
1046 3004 1235 3100 ὁμοιομερῆ,
1255 3022 1334 3072 cibus
1354 3038 1388 3073 ex

158 3103 257 3155 alienis
277 3103 358 3154 rebus
378 3107 492 3154 constat.

193 3193 219 3244 4.
256 3196 396 3259 praeterea
421 3191 546 3242 set-74
571 3206 760 3257 quaecumque
789 3206 803 3242 e
832 3197 904 3242 terra
929 3197 1061 3253 creseunt,
1081 3193 1104 3242 si
1125 3193 1239 3242 fuerunt
1257 3193 1287 3242 in
1308 3197 1389 3254 terra,

160 3286 231 3333 terra
251 3285 359 3333 constat
377 3296 412 3331 ex
432 3280 514 3331 rebus
533 3279 649 3341 alienis3
669 3279 742 3346 quod
763 3278 835 3330 idem
855 3280 929 3331 valet
947 3280 980 3332 de
1000 3280 1062 3332 aliis
1082 3281 1171 3332 rebus.

195 3372 221 3421 5.
249 3368 400 3419 ‹sis-914
428 3367 503 3434 quod
531 3367 713 3435 Anaxagoras
733 3373 871 3435 praeterea
890 3368 970 3420 docet
988 3371 1081 3421 omnia
1099 3368 1235 3420 elementa
1258 3370 1390 3420 omnibus

160 3459 241 3510 rebus
270 3459 389 3509 inmixta
417 3472 482 3518 esse,
511 3456 558 3508 sed
586 3456 657 3507 illud
686 3461 793 3507 tantum
822 3473 961 3524 apparere,
980 3459 1058 3509 euius
1078 3458 1198 3525 plurimo
1217 3459 1307 3509 mixta
1326 3461 1391 3520 sint,

159 3551 240 3598 errat.
268 3544 456 3597 Conveniebat
484 3547 558 3597 enim
587 3547 680 3613 fruges
706 3561 771 3597 eum
797 3547 953 3614 fraguntur,
973 3548 1084 3598 mittere
1104 3548 1214 3614 signum
1234 3549 1391 3614 sanguinis,

160 3634 262 3702 pabula
290 3634 378 3696 laetis,
407 3640 512 3686 terram
540 3634 650 3696 herbae,
679 3635 792 3702 lignum
819 3636 901 3703 ignis.
941 3634 994 3689 tAt
1012 3635 1098 3687 silvae
1118 3651 1197 3702 saepe
1217 3637 1293 3703 ipsae
1313 3652 1392 3688 exar-

160 3723 300 3776 deseurrt”.
337 3724 398 3775 Non
419 3727 513 3775 tamen
534 3725 607 3791 ignis
626 3725 656 3774 iu
675 3722 753 3791 ligno
772 3729 821 3785 est,
840 3724 886 3775 sed
906 3724 1026 3775 terendis
1046 3726 1116 3776 inter
1136 3741 1163 3776 se
1183 3724 1391 3791 lignissemina

161 3815 234 3880 ignis
262 3811 413 3873 confluunt,
441 3827 512 3878 quae
538 3815 688 3879 postquam
714 3829 779 3864 cum
799 3813 861 3864 aliis
880 3813 1043 3880 primordiis
1062 3813 1117 3865 alio
1136 3812 1222 3866 modo
1241 3816 1392 3866 coniuncta

161 3901 274 3969 lignum
294 3902 426 3962 fecerunt,
446 3917 520 3951 nunc
539 3901 636 3968 ignem
655 3901 784 3952 efficiunt.

197 3990 222 4042 6.
259 3989 378 4056 denique
389 3988 511 4040 915-20
522 3990 544 4040 si
555 3989 637 4040 rebus
647 3988 753 4040 similia
763 3993 836 4050 sunt,
846 3989 970 4042 hominis
981 3990 1207 4057 prirnordiasunt
1216 3991 1392 4044 homunculi.

615 4167 679 4218 Pars
698 4167 738 4217 III
757 4167 945 4236 (921-1117).

548 4255 665 4308 Materia
683 4264 705 4307 et
723 4257 799 4308 inane
816 4265 874 4308 suot
891 4256 1002 4325 infinito.

198 4435 254 4490 Hae
283 4437 363 4488 tertia
391 4440 466 4504 porte
492 4435 555 4487 hue.
583 4437 709 4503 primum
738 4435 918 4505 (921-1051)
945 4436 1118 4489 demonstrat
1138 4442 1195 4489 tarn
1215 4454 1286 4488 orme
1306 4443 1392 4505 utque
