3096 5002
251 133 371 206 cedere
397 127 626 228 squamigeris
652 127 770 200 latices
795 124 989 200 nitentibus
1014 124 1114 198 aiunt

251 257 284 322 et
311 247 463 344 liquidas
489 245 622 343 aperire
648 245 737 328 vias,
764 244 848 340 quia
875 250 951 340 post
976 241 1050 313 loca
1077 241 1187 338 pisces

253 364 426 460 linquant,
454 386 523 457 quo
550 358 681 456 possint
707 359 867 430 cedentes
893 358 1067 430 confluere
1093 358 1232 429 undae:

192 503 203 528 f
252 480 300 551 sic
326 477 410 549 alias
435 500 577 573 quoque
602 499 655 546 res
680 474 772 546 inter
796 500 831 545 se
857 499 955 571 posse
981 473 1111 545 moveri

253 603 287 667 et
313 602 447 665 mutare
474 591 602 674 locum,
629 590 789 686 quamvis
814 590 884 661 sint
910 591 1028 661 onmia
1053 589 1175 687 plena.

253 710 403 793 scilicet,
430 707 467 778 id
494 706 579 778 falsa
604 714 718 778 totum
745 705 878 777 ratione
904 712 1134 802 receptumst.

253 852 334 898 nam
360 849 430 920 quo
456 821 668 918 squamigeri
695 829 859 918 poterunt
885 822 1070 918 procedere
1096 821 1238 894 tandem
1253 805 1281 904 ,⁷

253 941 290 1013 ni
316 939 469 1036 spatium
496 937 657 1009 dederint
683 938 830 1009 latices?
856 939 1045 1010 concedere
1072 963 1175 1035 porro

155 1080 208 1131 380
253 1081 323 1154 quo
348 1061 512 1151 poterunt
538 1052 672 1136 undae,
700 1078 778 1124 cum
808 1053 918 1150 pisces
942 1054 992 1126 ire
1019 1054 1250 1150 nequibunt?

251 1181 312 1245 aut
337 1171 446 1268 igitur
472 1178 569 1268 motu
596 1169 841 1266 privandumst
867 1195 1010 1266 corpora
1035 1193 1217 1266 quaeque,

253 1296 314 1361 aut
338 1312 409 1359 esse
435 1285 631 1357 admixtum
658 1284 887 1357 dicundumst
912 1285 1016 1357 rebus
1041 1285 1164 1370 inane,

254 1403 349 1475 unde
375 1402 504 1473 initum
532 1401 686 1497 primum
714 1401 828 1497 capiat
854 1426 907 1472 res
932 1426 1093 1497 quaeque
1121 1399 1304 1471 movendi.

257 1527 428 1617 postremo
454 1517 525 1589 duo
552 1516 595 1588 de
621 1541 792 1588 concursu
819 1541 962 1612 corpora
989 1514 1057 1587 lata

161 1658 212 1709 aaa
258 1635 286 1706 si
313 1635 381 1706 cita
407 1633 597 1717 dissiliant,
625 1657 751 1728 nempe
777 1639 835 1703 a‘e'r
860 1657 963 1703 omne
990 1640 1176 1715 necessest,

253 1751 348 1822 inter
374 1774 517 1846 corpora
542 1748 637 1844 quod
664 1749 742 1832 liat,
770 1748 923 1844 possidat
948 1748 1070 1818 inane:

258 1867 287 1937 is
313 1890 414 1963 porro
437 1865 599 1960 quamvis
625 1863 755 1935 circum
785 1863 1017 1935 celerantibus
1043 1864 1137 1935 auris

258 1980 430 2063 confluat,
459 1978 553 2049 haud
581 1979 707 2074 poterit
732 1990 849 2050 tamen
876 2004 947 2049 uno
972 1986 1129 2075 tempore
1154 1986 1269 2050 totum

261 2094 428 2192 compleri
454 2094 630 2190 spatium:
658 2119 738 2165 nam
766 2094 922 2190 primum
948 2118 1127 2189 quemque
1153 2101 1323 2165 necessest

164 2233 216 2285 390
262 2217 408 2306 occupet
433 2208 492 2280 ille
519 2208 654 2293 locum,
682 2209 810 2281 deinde
835 2208 953 2280 onmia
979 2209 1243 2306 possideantur.

262 2324 357 2422 quod
383 2324 411 2394 si
437 2323 524 2395 forte
550 2323 696 2420 aliquis,
724 2350 804 2395 cum
832 2349 974 2421 corpora
1000 2325 1200 2410 dissiluere,

262 2449 338 2514 tum
366 2447 467 2537 putat
492 2440 529 2511 id
556 2440 631 2512 fieri
658 2441 740 2537 quia
767 2466 801 2512 se
827 2440 1035 2512 condenseat
1061 2449 1136 2526 aar,

264 2564 375 2629 errat:
403 2579 485 2627 nam
511 2581 661 2626 vacuum
688 2564 764 2627 tum
792 2557 831 2627 fit
856 2556 951 2652 quod
979 2581 1046 2627 non
1074 2555 1142 2626 fuit
1168 2562 1268 2640 ante,

264 2682 299 2744 et
324 2669 478 2767 repletur
503 2669 584 2740 item
615 2695 763 2741 vacuum
790 2671 885 2766 quod
912 2671 1066 2758 constitit
1092 2679 1191 2755 ante,

168 2809 220 2860 395
265 2812 328 2858 nec
354 2785 415 2857 tali
442 2785 574 2857 ratione
600 2793 711 2882 potest
737 2785 911 2857 denserier
937 2793 1012 2869 aer,
1077 2852 1079 2855 .

267 2927 341 2986 nec,
369 2901 397 2972 si
423 2901 491 2972 iam
520 2913 642 2998 posset,
669 2901 743 2972 sine
769 2901 865 2972 inani
892 2910 1022 2998 posset,
1049 2902 1192 2999 opinor,

268 3017 403 3114 ipsein
429 3042 465 3088 se
489 3017 625 3089 trahere
651 3025 685 3088 et
711 3017 819 3113 partis
844 3016 1036 3089 conducere
1062 3017 1099 3087 in
1128 3043 1259 3089 unum.

173 3165 371 3175 ——-———-

216 3223 289 3284 377.
333 3242 396 3285 totus
415 3235 457 3285 ie.
478 3250 596 3300 prorsus,
618 3242 647 3287 ut
666 3236 758 3299 3,690;
778 3237 874 3298 4‚1088
894 3243 920 3289 et
938 3240 1046 3305 saepius
1065 3240 1094 3289 in
1110 3237 1252 3291 Ciceronis
1262 3237 1384 3306 epistulis,

172 3323 259 3375 veluti
288 3322 321 3374 ad
350 3322 407 3373 Att.
436 3322 523 3384 9‚10‚3
551 3324 605 3373 alia
633 3341 671 3375 res
690 3342 756 3375 nanc
775 3333 825 3376 tota
843 3335 885 3378 est.
923 3327 1024 3379 Eodem
1044 3327 1125 3379 modo
1144 3327 1227 3378 omncs
1246 3328 1306 3389 2,53
1325 3328 1385 3394 sign.

174 3413 296 3465 omnino.
332 3400 407 3460 383.
447 3411 524 3462 initus
552 3428 600 3478 pro
628 3413 738 3475 initium,
767 3414 840 3481 qnod
861 3417 889 3465 in
909 3415 1100 3467 hexametrum
1119 3432 1175 3469 non
1195 3416 1323 3483 quadrat,
1341 3431 1387 3467 non

174 3503 228 3552 nisi
247 3497 320 3566 apud
340 3498 403 3549 Luc.
423 3498 526 3566 legitur
544 3501 647 3566 (2,269;
667 3502 765 3569 amr).
806 3491 881 3553 384.
900 3561 903 3565 ,
920 3504 1002 3556 dele.
1013 3521 1056 3567 ax,
1068 3510 1135 3573 post.
1147 3507 1194 3557 cfr.
1206 3504 1300 3567 5,651;
1311 3503 1389 3566 (2290,

175 3587 231 3641 Cic.
250 3588 307 3639 Art.
327 3588 388 3651 12‚3
406 3588 489 3639 statim
509 3588 539 3640 de
558 3590 679 3641 coctione.
708 3621 742 3629 -
761 3592 813 3644 lota
833 3598 859 3644 at
878 3593 962 3660 plana
980 3610 1016 3645 sc.
1055 3581 1128 3644 392.
1152 3594 1181 3645 id
1190 3610 1226 3645 sc.
1236 3594 1331 3646 omnia
1341 3608 1392 3659 pos·

175 3676 258 3728 sideri
271 3675 363 3744 1390).
382 3707 416 3714 -
436 3677 585 3728 condenseat
603 3680 768 3731 coniunctiv.
788 3687 855 3732 orat.
875 3682 1014 3748 obliquae,
1034 3689 1064 3734 ut
1082 3683 1199 3750 linquant
1217 3682 1278 3734 374.
1324 3670 1393 3732 394.

175 3781 282 3816 caccum
300 3765 368 3832 quod
385 3765 493 3816 constitit
511 3771 571 3833 post
582 3780 705 3834 corpora,
717 3785 786 3835 quae
797 3769 922 3822 celeriter
933 3773 1122 3823 concurrentia
1133 3787 1179 3822 aer
1189 3787 1270 3822 cursu
1281 3787 1396 3838 aequare

176 3869 232 3906 non
253 3855 393 3920 potuisset.
433 3842 507 3903 395·
555 3864 570 3905 t.
591 3873 611 3906 r.
630 3872 666 3906 sc.
687 3861 716 3907 ut
734 3856 883 3909 adversarii
903 3861 1070 3912 existimant.
1116 3848 1190 3909 396·
1231 3860 1301 3914 aiam
1321 3861 1398 3928 parti·

176 3941 240 3995 cula
267 3943 297 3993 in
324 3943 496 3996 concedendo
523 3946 561 3995 sic
580 3945 699 4006 additur,
721 3951 751 3998 ut
769 3949 954 4014 significemus
973 3965 1023 4002 nos
1042 3951 1148 4001 omissis
1167 3951 1211 4012 iia,
1230 3965 1303 4016 quae
1322 3948 1400 4002 aliter

177 4031 233 4084 dici
252 4034 369 4084 statuive
389 4034 502 4100 possint,
521 4049 553 4086 eo
574 4034 726 4101 procedere,
748 4040 777 4087 ut
796 4036 846 4089 hoc
866 4054 923 4090 ease
939 4038 1098 4107 ponamus’'.
1133 4026 1208 4088 397.
1244 4038 1343 4090 trahere
1361 4040 1401 4091 ie.

177 4139 206 4176 se
225 4123 395 4185 contrahere,
416 4128 445 4175 ut
465 4123 570 4192 6,1190.
589 4124 732 4192 Significat
751 4128 911 4181 contrahere
931 4129 1009 4192 3‚534
1028 4134 1056 4181 et
1073 4128 1160 4191 aaut.
