3096 5002
175 531 238 580 nec
264 514 502 579 commutatur
527 506 738 604 quicquam,
766 506 852 604 quin
880 508 997 580 omnia
1023 515 1181 580 constant

175 649 285 720 usque
311 623 416 707 adea,
444 623 556 694 variae
582 622 738 694 volucres
765 623 864 694 utin
893 623 1014 696 ordine
1041 635 1187 695 cunctae

74 761 128 812 590
174 740 357 811 ostendant
384 738 538 810 maculas
563 738 733 835 generalis
759 763 901 834 corpore
928 739 1056 823 inesse,

175 853 389 927 inmutabili'
417 854 581 926 materiae
608 879 749 950 quoque
775 878 900 949 corpus
926 853 1054 925 habere

175 969 323 1054 debent,
350 969 543 1041 nimirum:
572 995 653 1041 nam
680 969 709 1040 si
735 968 926 1065 primordia
952 993 1069 1040 rerum

175 1086 384 1162 commutari
411 1085 530 1181 aliqua
555 1092 694 1181 possent
720 1084 852 1155 ratione
878 1083 1024 1169 revicta,

175 1202 349 1273 incertum
376 1226 517 1297 quoque
544 1201 612 1271 iarn
640 1207 772 1271 constet
798 1199 886 1295 quid
912 1200 1019 1296 possit
1044 1200 1146 1284 oriri,

113 1341 124 1352 ·
174 1317 260 1414 quid
288 1325 457 1413 nequeat,
485 1317 584 1388 finita
610 1323 759 1413 potestas
785 1315 938 1411 denique
965 1316 1094 1412 cuique

174 1458 325 1529 quanam
354 1432 399 1504 sit
424 1432 557 1504 ratione
583 1445 688 1528 atque
715 1430 783 1502 alte
808 1431 979 1502 terminus
1006 1431 1169 1516 haerens,

174 1574 237 1620 nec
263 1549 389 1620 totiens
416 1558 554 1644 possent
579 1546 769 1644 generatim
799 1545 909 1617 saecla
935 1546 1060 1618 referre

174 1674 335 1737 naturam
364 1690 474 1736 mores
500 1665 631 1735 victum
660 1671 845 1759 motusque
871 1671 1074 1759 parentum.

223 1781 314 1851 Tum
340 1805 442 1876 porro
468 1779 636 1876 quoniam
662 1787 713 1850 est
738 1787 932 1850 extremum
952 1778 1118 1875 quodque
1132 1804 1299 1852 cacumen
1395 1841 1402 1854 .

173 1895 325 1992 corporis
351 1894 464 1979 illius,
493 1895 587 1990 quod
614 1878 721 1965 nostri
748 1919 886 1965 cernere
913 1919 1032 1966 sensus

173 2011 243 2081 iarn
269 2018 468 2106 nequeunt,
496 2010 552 2094 id,
580 2009 769 2093 nimirum,
796 2009 870 2080 sine
898 2009 1055 2105 partibus
1080 2016 1174 2081 extat

172 2135 207 2197 et
235 2125 381 2196 minima
407 2133 540 2196 constat
565 2132 708 2209 natura,
736 2150 799 2196 nec
826 2124 895 2196 fuit
922 2150 1092 2221 umquam

173 2265 235 2336 per
260 2266 295 2312 se
321 2248 491 2312 secretum
519 2265 633 2336 neque
659 2239 801 2336 posthac
827 2266 898 2312 esse
925 2239 1071 2324 valebit,

173 2355 315 2427 alterins
341 2356 541 2452 quoniamst
566 2357 683 2454 ipsum
711 2382 789 2454 pars
815 2356 998 2453 primaque
1024 2365 1058 2428 et
1087 2382 1154 2428 una

113 2493 123 2517 f
173 2471 255 2542 inde
281 2471 368 2543 aliae
395 2479 500 2568 atque
526 2471 613 2544 aliae
639 2472 770 2544 similes
795 2498 836 2544 ex
862 2471 985 2543 ordine
1011 2480 1125 2568 partes

173 2587 311 2683 agmine
338 2586 511 2659 condenso
538 2596 699 2659 naturam
725 2588 878 2684 corporis
902 2587 1060 2683 explent:

173 2727 262 2797 quae
289 2702 456 2798 quoniam
483 2728 545 2799 per
570 2728 604 2774 se
631 2713 812 2798 nequeunt
837 2710 1011 2787 constare,
1039 2711 1206 2776 necessest

175 2816 315 2889 haerere
342 2817 436 2905 unde
463 2828 594 2913 queant
621 2817 718 2888 nulla
744 2817 877 2888 ratione
904 2817 1041 2889 revelli.

173 2941 255 3004 sunt
281 2933 389 3029 igitur
415 2933 526 3005 solida
552 2933 745 3030 primordia
770 2932 1013 3030 simplicitate,

73 3070 127 3120 610
173 3074 261 3145 quae
288 3049 445 3121 minimis
470 3051 596 3147 stipata
622 3050 807 3122 cohaerent
832 3050 991 3146 partibus
1016 3058 1106 3135 arte,

173 3190 240 3235 non
269 3191 310 3236 ex
337 3164 477 3237 illarum
506 3174 679 3238 conventu
706 3165 909 3249 conciliata,

172 3279 230 3351 sed
258 3280 368 3376 magis
394 3289 532 3353 aeterna
558 3281 726 3378 pollentia
752 3280 994 3378 simplicitate,

119 3592 193 3655 588.
231 3607 292 3673 quin
321 3608 338 3658 i.
367 3622 389 3657 e.
415 3607 482 3673 quin
508 3608 598 3658 etiarn.
619 3605 674 3658 cfr.
695 3604 751 3657 Cic.
771 3604 805 3657 ad
825 3603 856 3670 Q.
877 3605 910 3656 fr.
929 3604 1017 3667 1,3,10
1035 3605 1096 3672 quin
1115 3605 1180 3657 illud
1196 3621 1302 3673 neaerae,

74 3681 149 3742 59οι
184 3694 310 3760 poneretis
338 3693 354 3744 i.
384 3711 406 3745 e.
435 3710 498 3745 suas
529 3697 662 3762 cuiusque
682 3696 790 3762 generis
811 3695 942 3761 proprias.
988 3681 1063 3743 592.
1101 3694 1188 3745 debent
1205 3710 1241 3746 sc.
1260 3710 1302 3746 rcs

74 3784 156 3849 (585).
203 3770 277 3832 597·
319 3783 414 3850 referre
442 3785 460 3834 i.
488 3799 511 3834 e.
539 3783 631 3835 denuo
659 3799 798 3850 generare.
844 3770 919 3831 599.
957 3782 1000 3833 Sic
1028 3784 1146 3850 iungas:
1169 3791 1303 3834 caucanam

74 3871 186 3939 quodque
205 3872 272 3923 illius
291 3873 403 3939 corporis
422 3876 463 3923 etc
482 3873 511 3940 (i.
531 3889 553 3923 e.
573 3874 668 3940 atomi)
687 3881 722 3924 est
740 3889 852 3923 acumen.
891 3871 946 3924 Csr.
966 3872 1043 3934 1551
1064 3889 1127 3940 quae
1145 3890 1243 3924 cernere
1253 3889 1302 3923 aon

75 3961 130 4028 (puis
150 3961 296 4012 Extremum
315 3962 381 4028 quod
399 3962 496 4024 latent,
516 3962 648 4012 anicianum
667 3963 798 4014 consistere
812 3977 939 4029 prorsum.
985 3949 1059 4011 601.
1089 3962 1118 4012 id
1126 3978 1162 4013 sc.
1172 3977 1302 4013 cacumen

74 4050 156 4116 (599).
199 4037 273 4098 604.
307 4051 442 4118 primoque
468 4058 491 4102 et
517 4067 569 4101 aaa
597 4052 615 4101 i.
643 4067 666 4102 e.
695 4056 721 4102 et
745 4067 777 4102 ca
797 4050 1015 4117 primoquidem
1036 4052 1064 4117 (i.
1084 4066 1106 4102 c.
1126 4052 1302 4118 infraquam

75 4137 154 4189 nulla
182 4144 230 4201 est,
260 4141 384 4206 minima)
403 4144 431 4190 et
450 4156 505 4190 uua
524 4141 553 4206 (i.
574 4155 596 4191 e.
615 4139 753 4207 simplex).
800 4125 874 4187 605.
912 4156 942 4189 ea
960 4139 1048 4189 ordine
1067 4140 1085 4190 i.
1104 4155 1129 4191 e.
1148 4128 1203 4191 alia
1222 4141 1303 4191 iuxta

75 4226 174 4288 alia1n;
206 4229 244 4277 ita
271 4244 307 4279 sc.
335 4233 392 4279 arte
421 4230 591 4290 coniunctae,
621 4233 651 4279 ut
679 4230 761 4280 inane
791 4244 906 4279 vacuum
928 4229 999 4279 inter
1018 4245 1063 4280 eas
1083 4245 1137 4281 non
1157 4231 1200 4281 sit.
1238 4229 1303 4281 Pars
1361 4272 1367 4284 .

76 4317 162 4383 igitur
180 4318 264 4368 atomi
284 4322 324 4367 est
342 4319 465 4368 omnium
486 4333 585 4378 rerum,
605 4333 677 4384 quae
696 4318 811 4385 cogitari
831 4323 953 4385 possunt,
965 4320 1080 4370 minima
1090 4321 1146 4370 sive
1157 4320 1302 4370 minimum

75 4405 316 4469 mathematicum
345 4412 453 4459 atomus
480 4409 541 4475 ipsa
559 4415 600 4460 est
618 4409 742 4461 omnium
762 4424 862 4470 rerum,
882 4425 952 4476 quae
972 4414 1090 4471 exstant,
1110 4410 1225 4461 minima
1244 4411 1302 4462 sive

76 4495 220 4545 minimum
242 4495 395 4562 physicum.
443 4483 517 4547 6¹2.
555 4497 637 4565 anapia
655 4502 686 4549 ut
704 4498 732 4550 h.
751 4498 770 4550 l.
789 4499 898 4566 saepius
918 4498 991 4566 apud
1012 4498 1075 4551 Luc.
1095 4501 1166 4568 sign.
1181 4500 1275 4567 potius.
