3096 5002
158 244 199 310 lll

228 439 475 537 placatumque
501 439 588 511 nitet
614 440 741 512 diffuso
767 440 902 513 lumine
928 440 1074 514 caelum.

154 576 189 626 10
231 581 310 626 nam
339 555 445 626 simul
472 582 511 627 ac
537 556 667 652 species
694 556 895 653 patefactast
921 582 1026 629 verna
1051 557 1122 628 diei

227 678 261 741 et
287 678 433 741 reserata
459 671 551 766 viget
575 671 775 767 genitabilis
800 698 885 744 aura
910 673 1045 758 favoni,

229 786 341 857 aeriae
368 787 522 883 primum
550 786 705 858 volucres
731 795 783 872 te,
811 787 910 872 diva,
937 797 1112 885 tuumque

229 901 427 997 significant
453 902 580 973 initum
609 902 786 999 perculsae
813 903 917 975 corda
942 912 1003 975 166
1028 905 1080 974 vi.

157 1037 191 1086 15
234 1017 316 1088 inde
342 1017 433 1088 ferae
460 1018 610 1114 pecudes
636 1017 829 1115 persultant
856 1018 985 1115 pabula
1011 1018 1100 1091 laeta

157 1154 191 1205 14
232 1142 266 1204 et
292 1132 432 1229 rapidos
458 1141 596 1205 tranant
622 1134 753 1205 amnis:
782 1134 830 1206 ita
856 1144 956 1231 capta
983 1134 1099 1231 lepore

156 1267 190 1317 16
231 1256 264 1318 16
289 1248 448 1344 sequitur
474 1248 602 1345 cupide
628 1274 698 1345 quo
724 1275 902 1345 quamque
928 1248 1095 1320 inducere
1122 1249 1255 1345 pergis,

230 1362 383 1458 denique
409 1388 470 1459 per
497 1363 606 1434 maria
631 1390 670 1435 ac
698 1365 825 1436 montis
850 1364 1045 1460 fluviosque
1071 1364 1205 1460 rapacis

230 1477 507 1575 frondiferasque
534 1479 654 1552 domos
680 1481 797 1552 avium
824 1506 1034 1578 camposque
1060 1479 1203 1551 virentis

229 1593 393 1666 omnibus
419 1593 593 1666 incutiens
619 1594 790 1667 blandum
817 1622 879 1692 per
905 1603 1042 1692 pectora
1069 1620 1224 1667 amorem

156 1727 190 1777 20
231 1708 338 1779 efficis
365 1717 404 1780 ut
430 1709 559 1805 cupide
584 1711 774 1805 generatim
802 1710 911 1782 saecla
939 1720 1149 1808 propagent.

228 1848 317 1919 qnae
344 1824 511 1919 quoniam
538 1849 654 1895 rerum
682 1834 842 1897 naturam
869 1826 940 1897 sola
964 1824 1138 1922 gubernas

229 1964 291 2009 nec
317 1938 391 2010 sine
418 1946 450 2010 te
477 1942 668 2037 quicquam
696 1941 770 2029 dias
795 1940 832 2012 in
859 1940 1005 2012 luminis
1031 1966 1107 2012 oras

227 2054 380 2126 exoritur
406 2081 520 2152 neque
546 2059 585 2129 fit
610 2056 739 2128 laetum
768 2082 882 2152 neque
908 2055 1058 2128 amabile
1084 2055 1277 2152 quicquam

227 2169 413 2241 tesceiam
440 2171 563 2243 studeo
588 2171 780 2243 scribendis
806 2171 960 2242 versibus
986 2197 1075 2255 esse,
1228 2159 1229 2163 ¹

155 2305 189 2355 25
231 2310 318 2381 quos
343 2310 406 2380 ego
432 2285 476 2357 de
502 2312 618 2358 rerum
646 2295 771 2358 natura
796 2312 947 2384 pangere
973 2312 1078 2358 conor

201 2634 244 2694 10.
285 2660 349 2696 voce
364 2645 499 2713 patefacto
518 2646 619 2696 mensis
630 2644 735 2712 Aprilis
747 2646 832 2695 166616
842 2644 992 2711 significari
1004 2643 1121 2694 videtur.
1151 2630 1192 2691 l2.
1217 2643 1384 2710 primum...

155 2735 245 2786 deinde
264 2740 319 2786 tam
339 2735 539 2786 enumerationi
559 2735 692 2785 inservire
711 2749 794 2800 qnam
815 2733 923 2784 diversa
941 2736 1064 2799 tempora
1083 2731 1205 2783 indicare
1215 2731 1307 2784 solent
1318 2731 1385 2794 ;h.l.

157 2829 306 2890 utrumque
325 2824 363 2874 fit.
400 2823 516 2874 Primum
536 2860 542 2872 .
563 2860 568 2872 .
590 2860 595 2873 .
615 2823 674 2873 iride
692 2821 765 2890 apud
786 2821 849 2872 Luc.
869 2837 923 2873 non
936 2819 1386 2887 nisidiversatemporaindicent.

157 2901 197 2960 13.
225 2912 364 2979 perculsae.
384 2894 440 2963 (lfr.
459 2911 549 2962 Plaut.
568 2911 645 2962 Trin.
665 2910 715 2961 242
734 2911 808 2961 Num
826 2911 872 2979 qui
888 2918 966 2973 errant,
986 2909 1149 2977 quodenset,
1168 2924 1242 2976 quom
1265 2908 1386 2975 ectenzplo

155 3000 208 3052 eius
235 2979 468 3067 sociisgpercubus
495 3008 537 3051 est.
576 2988 617 3048 15.
649 2999 728 3067 ferae
756 3015 791 3050 sc.
820 3015 920 3060 amore,
942 2998 1054 3049 Veneris
1073 2996 1202 3048 stimulis.
1224 3026 1256 3034 —
1275 2995 1332 3048 Cic.
1353 2995 1386 3047 de

159 3088 205 3140 Or.
225 3089 319 3150 3,155:
343 3089 443 3142 6166166
463 3093 567 3155 segetes
586 3089 668 3139 etiam
688 3089 781 3139 rustici
802 3085 924 3138 dicuut.''
963 3075 1003 3136 16.
1037 3087 1123 3154 pergis
1142 3088 1185 3138 16.
1205 3101 1260 3137 nou
1273 3085 1385 3137 desinis.

160 3167 201 3231 17.
239 3180 344 3247 denique
371 3178 419 3230 h.l.
445 3178 628 3245 et1‚76(qui
651 3173 1387 3242 6616661616616611661595.5,89.665161ςι1111661

159 3278 186 3319 ut
202 3249 203 3268 ³
208 3269 301 3336 paucis
328 3268 465 3330 nicolaum,
490 3283 519 3318 ue
543 3268 629 3334 pluro.
667 3266 770 3318 Ceteris
798 3271 889 3316 antem
909 3265 975 3317 locis
995 3264 1058 3315 Luc.
1078 3263 1128 3314 1166
1148 3279 1212 3314 voce
1233 3263 1320 3313 utitur
1338 3263 1386 3324 116,

162 3363 191 3408 61
221 3343 391 3426 [saepissime
421 3355 631 3422 paenultimam,
651 3355 789 3406 interdum
811 3352 950 3422 ultimum]
972 3357 1164 3420 argumentum
1185 3351 1304 3402 aliamve
1329 3366 1386 3402 rem

161 3462 222 3496 cum
243 3444 468 3510 antecedentibus
488 3449 610 3495 conectat
629 3449 655 3495 61
674 3445 810 3511 significet
824 3451 965 3510 praeterea,
980 3458 1066 3509 porro.
1104 3428 1159 3490 20.
1195 3440 1305 3492 saeclum
1319 3439 1387 3510 [qua

161 3536 248 3585 forma
277 3532 339 3583 Luc.
369 3548 475 3598 semper
502 3533 598 3593 utitur,
627 3547 682 3584 nou
710 3529 850 3599 socculum]
872 3531 1010 3598 significat
1031 3530 1137 3596 proprie
1157 3529 1186 3579 id
1202 3529 1270 3596 quod
1287 3529 1386 3591 6611166,

161 3628 192 3673 111
219 3621 340 3673 iaculum
369 3620 396 3672 id
427 3620 500 3687 qnod
530 3621 645 3682 iacitur;
671 3619 787 3671 deinde:
807 3619 832 3669 1.
852 3618 995 3670 homiuum
1015 3622 1097 3684 atque
1117 3617 1279 3668 animalium
1300 3633 1387 3686 genus

160 3727 191 3762 ac
217 3710 331 3771 subolem,
362 3714 391 3760 61
409 3709 457 3760 h.l.
495 3710 519 3760 2.
537 3709 640 3775 speciem
662 3713 688 3760 61
712 3724 799 3776 genus
818 3723 918 3769 rernm,
939 3711 968 3757 ut
987 3706 1091 3769 2,1019.
1111 3706 1189 3757 1113.
1227 3707 1251 3758 3.
1271 3715 1387 3769 aetatem,

157 3817 205 3867 per
222 3816 297 3867 quum
315 3799 376 3848 civit
393 3798 520 3849 socculum
538 3797 666 3848 turicinum
685 3798 712 3847 in
733 3796 861 3857 formula,
880 3812 950 3863 qnae
970 3801 1026 3847 est:
1046 3794 1149 3863 (multu)
1168 3796 1272 3847 61666616
1291 3797 1388 3848 uincere

161 3886 290 3955 (condere)
308 3886 391 3937 666616
410 3886 497 3948 1,202.
518 3886 604 3947 3,948.
624 3885 702 3936 1090.
740 3884 842 3937 Eodem
853 3884 934 3937 modo
946 3885 1084 3952 Vergilius
1095 3885 1250 3936 Lucretium
1262 3886 1387 3936 imitatus

162 3976 261 4043 Georg.
285 3975 362 4037 2295
381 3975 675 4026 6661166166166616616
694 3974 810 4025 durando
828 3974 929 4025 saecula
948 3974 1032 4025 uincit.
1070 3961 1121 4022 23.
1160 3974 1208 4025 Est
1222 3974 1349 4042 gradatio
1359 3975 1388 4024 in

163 4065 252 4116 verbis
272 4062 465 4131 1661661166οά
486 4063 575 4131 placet
593 4062 691 4130 oculis)
710 4068 736 4114 61
755 4063 863 4114 amabile
881 4063 965 4130 (quod
985 4065 1109 4115 animum
1128 4063 1238 4132 movet).
1276 4050 1330 4112 25.
1349 4062 1390 4113 De

162 4170 244 4205 rerum
263 4162 355 4204 nutura
376 4153 535 4204 inscribitur
554 4167 661 4203 carmen
682 4151 884 4215 Lucretianum,
905 4169 960 4220 qno
971 4153 1093 4205 illustrat
1102 4153 1254 4205 doctrinam
1267 4153 1389 4220 Epicuri,

163 4256 211 4322 qni
242 4255 351 4321 scripsit
376 4253 408 4304 31
429 4252 515 4304 libros
534 4239 609 4327 περὶ
634 4240 769 4325 φύσεως,
789 4269 907 4319 quorum
926 4254 1080 4320 fragmenta
1100 4251 1263 4303 Herculanei
1283 4258 1391 4320 reperta

162 4358 235 4405 sunt.
255 4384 289 4390 —
308 4353 420 4404 Festus:
443 4367 567 4419 sspanpcre
586 4351 678 4418 figere,
698 4349 770 4402 unde
791 4351 900 4418 plantae
920 4353 1004 4420 pangi
1024 4350 1235 4412 dicuutur,cnm
1247 4351 1277 4401 in
1289 4340 1390 4401 terrain

164 4443 364 4505 deruittuutur;
383 4440 447 4493 iude
467 4443 548 4493 etiam
570 4456 663 4492 versus
684 4441 766 4507 pangi
787 4440 831 4491 vel
850 4441 898 4508 figi
918 4441 946 4491 in
966 4456 1026 4492 cera
1045 4437 1201 4490 dicuutnr.'‘
