3096 5002
265 262 308 332 12

336 461 467 532 circum
496 459 572 532 fusa
599 483 721 556 super,
749 457 862 529 suavis
887 483 928 529 ex
954 483 1012 529 ore
1038 455 1207 554 loquellas

245 578 296 647 ’4ο
338 575 446 647 funde
473 583 594 672 petens
620 573 794 671 placidam
821 573 1007 656 Romanis,
1035 571 1187 656 incluta,
1216 597 1355 668 pacem:

334 718 415 763 uam
443 716 557 786 neque
583 716 645 761 nos
671 714 771 785 agere
798 688 861 759 lroc
889 688 1013 785 patriai
1040 695 1196 783 tempore
1222 687 1346 783 iniquo

334 800 517 904 possumus
543 832 654 901 aequo
680 805 797 876 animo
826 829 889 875 nec
915 803 1062 875 Memmi
1089 803 1181 874 clara
1207 828 1361 900 propago

334 921 465 994 talibus
491 922 526 993 in
554 921 657 992 rebus
683 919 863 992 communi
890 919 986 991 desse
1012 912 1135 990 saluti.

867 1091 887 1132 al

264 1290 298 1340 so
339 1268 435 1364 quod
461 1277 659 1365 superest,
687 1293 811 1340 vacuas
837 1266 931 1338 auris
957 1265 1189 1361 animumque
1215 1290 1372 1360 sagacem

338 1393 510 1455 semotum
537 1409 557 1455 a
583 1384 675 1456 curis
700 1382 829 1455 adhibe
855 1407 970 1453 veram
997 1381 1042 1452 ad
1068 1381 1258 1465 rationem,

338 1525 381 1570 ne
409 1525 484 1570 mea
510 1499 601 1570 dona
627 1499 693 1570 tibi
720 1499 836 1570 studio
863 1499 1016 1595 disposta
1042 1496 1157 1581 fideli,

338 1613 513 1686 intellecta
538 1615 636 1710 prius
662 1640 767 1710 quam
796 1615 884 1698 sint,
912 1621 1112 1709 contempta
1138 1612 1333 1709 relinquas.

339 1755 418 1801 nam
445 1730 512 1801 tibi
538 1728 582 1801 de
608 1756 745 1801 summa
771 1729 857 1801 caeli
884 1729 1017 1800 ratione
1044 1728 1223 1824 deumque

266 1867 299 1915 55
341 1845 505 1916 disserere
532 1845 719 1942 incipiam,
746 1853 780 1916 et
806 1870 923 1916 rerum
951 1844 1143 1941 primordia
1169 1844 1342 1941 pandam,

339 1959 433 2031 unde
459 1961 573 2032 omnis
599 1969 723 2032 natura
748 1969 839 2032 creet
865 1986 936 2045 res,
963 1968 1097 2044 auctet,
1126 1959 1285 2055 alatque,

311 2292 363 2352 39.
401 2302 533 2369 loquella,
562 2302 695 2369 querella,
724 2303 850 2364 medella,
878 2302 974 2364 luella,
1003 2302 1135 2370 sequella,
1155 2319 1273 2370 quorum
1293 2302 1494 2355 vocabulorum

269 2393 504 2459 antepaenultima
532 2391 641 2458 syllaba
669 2393 760 2443 brevis
788 2395 836 2454 est,
862 2409 909 2460 per
928 2391 1066 2459 duplicem
1086 2392 1236 2461 litteram!
1253 2392 1431 2453 scribuntur;
1452 2390 1498 2443 sed

268 2481 416 2542 custodela,
444 2480 566 2542 suadela,
595 2480 690 2542 tutela,
719 2481 855 2542 clientela,
885 2480 1000 2543 cautela,
1029 2481 1152 2543 candela,
1181 2480 1344 2548 corruptela,
1375 2496 1499 2547 qnorum

268 2579 362 2630 eadem
381 2579 490 2646 syllaba
509 2579 593 2646 longa
612 2584 661 2630 est.
698 2576 742 2635 41.
780 2579 987 2647 locopcresign.
998 2575 1170 2656 προσέχειν
1186 2577 1254 2641 τοῖς
1271 2571 1379 2655 ἱεροῖς,
1392 2584 1499 2631 attento

267 2678 360 2728 animo
387 2675 493 2743 aliquid
522 2676 654 2729 sollemne
674 2694 754 2744 agere
765 2697 772 2739 3
791 2678 818 2729 h.
839 2679 979 2745 ligitur:
999 2679 1079 2745 fungi
1099 2693 1175 2730 sacro
1194 2677 1291 2739 officio,
1310 2693 1346 2728 sc.
1366 2682 1497 2729 naturam

268 2781 398 2831 quaerere
426 2781 516 2816 rerum
545 2781 652 2832 semper
679 2773 706 2817 et
734 2768 874 2818 inventam
904 2768 999 2834 patriis
1027 2782 1164 2833 exponere
1192 2765 1293 2816 chartis
1324 2765 1417 2834 [4,969
1443 2765 1498 2835 sq].

270 2842 323 2901 43.
355 2854 423 2904 desse
451 2855 493 2904 i.e.
521 2853 622 2905 deesse.
650 2885 685 2892 -
712 2855 790 2920 Quod
821 2860 908 2923 poeta,
935 2857 982 2922 qui
1002 2855 1053 2908 hoc
1073 2857 1193 2907 carmine
1212 2856 1348 2921 imprimis
1367 2855 1499 2907 docturus

269 2946 309 2993 est
337 2941 401 2993 deos
431 2942 500 2992 nihil
529 2942 654 2994 homines
674 2959 777 3005 curare,
797 2943 871 2995 hisce
889 2944 1014 2995 versibus
1033 2948 1175 3010 tantopere
1195 2943 1308 2994 Veneris
1327 2945 1497 2996 maiestatem

269 3032 393 3098 agnoscit
422 3033 534 3097 eiusque
563 3046 641 3097 opem
670 3031 808 3098 implorat,
836 3048 886 3084 nos
914 3032 1043 3083 admonet
1073 3031 1143 3083 illud
1173 3032 1354 3084 Horatianum
1380 3040 1499 3083 naturam

269 3119 372 3186 expelles
385 3119 477 3187 furca,
496 3127 579 3170 tarraco
595 3136 671 3187 usque
689 3129 803 3171 recurret.
824 3121 854 3171 ln
865 3120 990 3181 Lucretio
1012 3125 1090 3187 poeta
1100 3108 1208 3187 saepius
1219 3121 1362 3171 victoriam
1376 3124 1499 3187 reportat

271 3207 304 3259 de
325 3208 497 3275 philosopho.
521 3207 648 3260 Ceterum
669 3211 806 3260 neminem
827 3209 940 3262 deorum
952 3210 1078 3276 Epicurei
1089 3213 1205 3260 sectator
1218 3210 1317 3260 rectius
1329 3210 1500 3261 invocaverit

271 3312 353 3363 quam
384 3296 526 3347 hominnm
554 3297 704 3365 divomque
731 3299 880 3365 aarluptatem
917 3304 952 3358 (v.
980 3297 1016 3366 1).
1054 3287 1176 3346 44-9.
1210 3296 1293 3348 iidem
1322 3302 1388 3349 sunt
1416 3302 1498 3364 atque

272 3384 429 3446 asle-51.
466 3374 520 3434 50.
557 3388 624 3453 quod
641 3404 716 3455 snper
733 3396 768 3438 est
786 3390 828 3438 i.e.
850 3393 996 3454 praeterea,
1015 3385 1123 3437 dcinde.
1161 3384 1216 3436 Cic.
1236 3385 1500 3453 Div.1,31:lsopire

271 3475 371 3525 sentire
391 3479 468 3525 acute
488 3480 544 3536 est;
564 3491 598 3527 ex
618 3492 673 3543 quo
692 3493 769 3544 sapae
788 3492 866 3538 anns,
886 3478 952 3542 quia
971 3475 1058 3526 multa
1077 3477 1145 3526 scire
1164 3474 1263 3527 volunt
1281 3480 1308 3526 et
1317 3491 1422 3543 sapaces
1432 3475 1497 3526 dicti

272 3578 360 3613 canes.
398 3563 425 3614 ls
452 3565 538 3630 igitur
565 3566 614 3631 qni
643 3572 706 3616 ante
732 3566 812 3632 sagit,
832 3581 915 3632 quam
935 3565 1028 3617 oblata
1048 3581 1090 3616 res
1109 3568 1157 3625 est,
1177 3564 1278 3615 dicitur
1293 3565 1453 3632 praesopire,
1473 3564 1498 3615 id

272 3655 313 3701 est
341 3653 435 3703 futura
463 3658 525 3703 ante
553 3653 681 3704 sentire.’'
719 3643 760 3703 51.
798 3655 864 3706 ratio
891 3657 933 3706 ie.
953 3655 1096 3722 sapientia,
1117 3647 1301 3722 philosophia.
1320 3653 1377 3706 cn.
1397 3654 1440 3718 5,9
1460 3671 1498 3722 sq.

228 3748 231 3751 ’
273 3738 344 3790 Vera
372 3741 441 3791 ratio
469 3739 594 3792 Lucretio
622 3746 662 3793 cst
690 3742 800 3809 Epicuri
832 3744 1014 3810 philosophia.
1052 3732 1107 3792 54.
1145 3744 1175 3794 de
1202 3760 1300 3794 sarriana
1319 3744 1386 3794 caeti
1404 3743 1499 3794 ratione

206 3818 208 3820 V
274 3827 392 3892 deuiasque
411 3829 452 3877 ie.
472 3826 504 3878 de
525 3830 608 3880 totins
628 3832 742 3882 rationis
763 3833 906 3899 principio,
926 3833 1000 3900 quod
1019 3838 1060 3884 est
1087 3832 1120 3884 de
1140 3832 1182 3883 dis
1207 3832 1380 3883 caelestibus.
1418 3832 1499 3884 Poeta

274 3914 321 3965 hl.
349 3916 474 3980 seqnitur
503 3916 663 3982 popularem
691 3921 859 3986 opinionem,
888 3937 943 3988 qua
971 3922 999 3972 di
1025 3924 1054 3972 in
1081 3921 1156 3974 caelo
1176 3921 1301 3973 habitare
1321 3923 1500 3988 putabantur,

274 4003 359 4054 veluti
381 4021 405 4054 v.
425 4005 458 4055 62
478 4020 537 4071 sqq.
575 4006 645 4058 Nam
665 4008 791 4075 Epicurei
811 4010 909 4062 docent
928 4010 992 4062 deos
1012 4011 1136 4061 habitare
1156 4012 1184 4060 in
1205 4010 1410 4072 intermundiis,
1431 4026 1501 4077 quae

274 4096 339 4142 snnt
367 4094 439 4144 inter
466 4094 584 4146 mundos
614 4095 673 4147 loca
695 4095 755 4165 [cfr.
776 4101 800 4159 5,
820 4098 983 4167 lec-155}
1021 4098 1123 4150 Eodem
1144 4098 1225 4151 modo
1244 4098 1411 4166 explicanda
1429 4103 1502 4161 sunt,

275 4180 345 4231 buae
365 4176 433 4232 dicit
450 4181 483 4233 de
502 4192 581 4234 ruente
599 4185 761 4236 animalium
782 4186 868 4248 1361.
889 4188 975 4248 2265.
996 4188 1055 4239 268.
1075 4187 1153 4249 3299
1173 4193 1200 4238 et
1219 4187 1252 4238 de
1263 4187 1289 4237 ci
1298 4186 1387 4237 abdito
1397 4187 1503 4250 5,1233.

275 4258 327 4319 55.
361 4270 514 4337 prirnordz'a.
552 4272 635 4324 Poeta
662 4273 783 4326 declinat
810 4277 880 4327 hanc
909 4292 1001 4328 vocem
1030 4278 1083 4327 sic:
1113 4275 1265 4344 primordia
1296 4275 1353 4345 [vel
1377 4277 1503 4339 exordia,

274 4358 352 4411 ordia
381 4358 491 4428 prima],
519 4362 726 4430 principiorum,
746 4366 905 4433 principiis3
925 4370 1029 4418 ceterae
1048 4356 1121 4417 enim
1137 4366 1245 4418 ‘formae
1265 4365 1427 4418 hexametro
1447 4382 1502 4419 non

275 4452 354 4516 aptae
382 4453 455 4500 sunt.
