3096 5002
197 514 309 586 quove
335 486 456 561 eadam
484 513 622 559 rursum
651 497 775 560 natura
802 496 982 585 perempta
1008 486 1170 570 resolvat;

198 631 288 701 quae
315 631 377 676 nos
403 604 584 675 materiem
610 611 642 674 et
669 603 836 699 genitalia
862 628 1006 699 corpora
1031 603 1135 673 rebus

198 720 383 792 reddunda
409 719 445 790 in
473 719 606 790 ratione
632 744 752 790 vorare
778 727 812 790 et
838 719 971 790 semina
996 717 1114 789 reruni

122 857 159 907 60
203 835 378 933 appellare
404 843 545 907 suemus
571 843 605 906 66
631 834 715 905 haee
741 834 860 905 eadem
889 859 1058 930 usurpare

199 977 342 1049 corpora
368 952 501 1048 prima,
529 951 624 1048 (luod
650 976 691 1021 ex
718 948 788 1021 illis
814 955 895 1020 6666
921 949 1039 1020 omnia
1066 947 1207 1045 primis.

248 1067 416 1138 Humana
441 1074 521 1138 ante
547 1065 665 1137 oculos
691 1064 790 1136 foede
817 1090 898 1136 cum
925 1065 996 1136 vita
1022 1064 1148 1137 iaceret
1199 1064 1368 1146 prooemium
1389 1062 1454 1114 fibri

199 1183 235 1253 in
262 1183 362 1254 terris
387 1207 547 1279 oppressa
574 1181 669 1278 gravi
696 1180 762 1251 sub
789 1180 975 1275 religione,
1281 1150 1373 1202 primi.

200 1323 291 1394 quae
317 1306 422 1395 caput
447 1325 466 1369 a
493 1297 579 1369 caeli
606 1296 807 1393 regionibus
833 1295 1036 1367 ostendebat

123 1433 158 1484 65
203 1413 363 1485 horribili
389 1439 494 1511 super
520 1423 661 1510 aspectu
688 1414 895 1486 mortalibus
921 1411 1074 1496 1666666,

201 1529 357 1626 primum
384 1530 509 1600 Graius
535 1530 640 1602 homo
667 1531 821 1602 mortalis
848 1530 969 1601 tollere
996 1536 1115 1600 contra

199 1652 249 1716 est
275 1643 392 1716 oculos
418 1670 522 1716 ausus
549 1645 754 1742 primusque
780 1645 944 1717 obsistere
971 1654 1108 1727 contra;

201 1784 307 1855 quem
334 1785 449 1855 neque
474 1760 565 1832 fama
593 1761 698 1833 deum
727 1786 790 1832 nec
816 1759 977 1831 fulmina
994 1785 1057 1831 nec
1084 1756 1282 1829 minitanti

201 1900 382 1946 murmure
408 1876 609 1973 compressit
635 1876 790 1961 caelum,
817 1875 876 1947 sed
903 1901 943 1947 eo
970 1875 1080 1970 magis
1105 1898 1219 1945 aorem

128 2011 166 2061 (ο
208 1989 330 2061 inritat
355 1990 465 2062 animi
491 1991 675 2076 virtutem,
703 1992 886 2087 effringere
913 1999 952 2062 ut
978 1999 1052 2062 arta

205 2113 351 2177 naturae
377 2105 513 2202 primus
539 2113 716 2203 portarum
745 2106 894 2180 claustra
921 2107 1074 2203 cupiret.

209 2244 291 2315 ergo
317 2219 432 2292 vivida
458 2221 509 2292 vis
534 2222 642 2293 animi
670 2221 833 2319 pervicit,
861 2228 895 2293 et
921 2229 1016 2293 extra

211 2333 375 2430 prooessit
402 2334 503 2431 longe
529 2336 746 2409 flammantia
773 2337 909 2409 moenia
937 2336 1061 2407 mundi

132 2542 343 2550 ——-

180 2690 231 2750 57.
270 2718 345 2768 quoae
373 2719 422 2770 pro
440 2719 533 2770 quaque
554 2703 609 2772 [ie.
629 2708 655 2755 66
674 2702 753 2772 quo],
764 2704 837 2771 quod
849 2704 1100 2771 foretmnbiguum.
1119 2733 1154 2740 -
1172 2702 1362 2753 eademnatura

130 2790 242 2842 resolvat
264 2798 394 2858 perempta
424 2789 479 2860 [ie.
508 2807 550 2843 res
579 2791 754 2861 peremptas].
792 2782 845 2843 60.
883 2809 1013 2860 usurpare.
1051 2790 1107 2843 Cic.
1136 2790 1168 2842 (16
1188 2791 1232 2842 off.
1253 2789 1312 2852 2,39
1333 2787 1361 2839 0.

131 2879 239 2929 Laelius
267 2878 289 2929 is
316 2880 361 2946 qui
385 2880 494 2947 Sapiens
521 2889 664 2948 usurpatur.
703 2870 744 2931 61.
782 2882 892 2934 Praeter
919 2882 985 2932 haec
1016 2882 1128 2932 uomina
1147 2879 1210 2930 Luc.
1230 2883 1361 2945 usurpat:

131 2966 242 3028 semina,
271 2983 377 3034 empore
404 2966 556 3036 (materiai),
584 2971 741 3036 corpuscula,
766 2971 863 3038 prima,
886 2969 1009 3038 fiparas;
1027 2985 1179 3035 numquam
1200 2976 1295 3018 atomos
1315 2981 1363 3017 666

132 3054 310 3124 (corpuscula)
338 3055 482 3119 individua,
511 3057 613 3123 quibus
642 3059 801 3110 nominibus
821 3058 915 3111 Cicero
936 3061 1039 3126 primus
1059 3074 1124 3109 6666
1144 3062 1192 3109 est.
1229 3056 1364 3122 Epicurus

133 3160 240 3207 atomos
268 3153 390 3221 appellat
415 3146 491 3229 (coir
516 3141 630 3229 ὄντων)
652 3139 759 3232 ἀρχάς,
781 3148 922 3229 σώματα,
939 3143 1044 3228 ἄτομα
1057 3146 1197 3228 σώματα,
1213 3137 1363 3225 ἀτόμους.

133 3242 188 3303 65.
227 3253 340 3305 vocibus
367 3270 443 3320 super
472 3253 645 3322 [adverbium
666 3260 714 3316 est,
735 3260 764 3306 66
783 3253 856 3324 639]
878 3256 975 3306 instans
996 3260 1073 3323 poeta
1093 3254 1237 3322 designare
1256 3251 1366 3303 videtur

132 3341 343 3409 superstitionem.
381 3330 432 3391 66.
472 3340 569 3392 Graias
588 3343 659 3393 horreo
678 3349 718 3394 est
737 3344 880 3411 Epicurus,
900 3346 978 3395 cuius
997 3344 1149 3396 doctrinam
1169 3346 1249 3410 poeta
1271 3341 1365 3392 latinis

136 3431 263 3482 versibus
282 3430 404 3482 illustrat
425 3430 486 3500 [cfr.
505 3431 584 3493 1,136
603 3431 696 3500 sqq.];
716 3448 815 3484 nomen
827 3414 1055 3484 eiusLuc.semel
1066 3437 1173 3484 tantum
1184 3430 1366 3492 stastatuta.

135 3520 227 3571 Natus
255 3524 296 3571 est
325 3521 353 3570 in
382 3537 453 3589 pago
482 3520 582 3582 Attico,
611 3522 654 3571 cni
684 3537 783 3572 nomeu
809 3521 973 3588 Gargettus3
999 3503 1161 3588 sapientiam
1181 3535 1257 3570 suam
1279 3519 1366 3586 primo

137 3607 256 3660 tradidit
274 3608 511 3675 Mytilenensibus‚
531 3609 630 3661 deinde
650 3609 850 3677 Lampsacenis,
869 3610 989 3678 denique
1008 3611 1043 3662 ab
1063 3625 1136 3661 anno
1155 3609 1207 3659 306
1217 3607 1366 3659 Athenien-

136 3698 225 3760 sibus,
245 3699 273 3748 in
293 3714 410 3775 quornm
432 3699 498 3750 urbe
518 3705 642 3751 mortuus
661 3705 702 3750 est
720 3715 744 3750 a.
764 3700 824 3749 270.
844 3730 878 3737 —
897 3698 1014 3752 Graecos
1033 3697 1176 3766 appellant
1191 3698 1260 3764 epici
1272 3701 1366 3763 poetas

139 3785 246 3837 Graios.
274 3787 419 3852 -tallere
446 3792 473 3838 et
500 3789 592 3839 iaceret
615 3788 670 3855 (62)
689 3788 761 3838 inter
779 3803 807 3838 66
827 3790 952 3855 opposita
971 3793 1043 3839 6666.
1080 3788 1223 3838 Praeterea
1242 3787 1289 3836 cfr.
1309 3784 1368 3835 Liv-

137 3874 228 3936 6,1t,3
256 3892 301 3926 nec
327 3875 446 3926 adoerius
474 3877 634 3928 dictatoriam
661 3878 712 3927 arim
740 3884 784 3926 aut
810 3877 906 3928 tribuni
924 3877 1005 3945 plebis
1024 3884 1068 3926 aut
1086 3876 1144 3943 ipsa
1158 3875 1242 3942 plebes
1261 3873 1369 3924 attollere

137 3964 224 4015 oculos
251 3973 295 4015 aut
322 3965 414 4016 hiscere
441 3966 574 4016 audebant.
612 3954 665 4015 70.
704 3968 792 4018 inritat
814 3967 841 4033 (a
860 3966 1014 4033 longeest)
1033 3966 1075 4016 ie.
1095 3964 1228 4014 inritavit.
1265 3961 1368 4014 Eodem

137 4051 223 4104 modo
242 4053 390 4104 formatum
409 4059 450 4105 est
468 4054 606 4106 disturbat
620 4055 730 4123 (6‚58'i).
768 4044 809 4104 71.
847 4055 943 4122 cupiret
963 4069 1009 4121 pro
1029 4059 1134 4120 cuperet,
1155 4057 1185 4102 66
1204 4051 1274 4102 Ε66.
1294 4050 1368 4102 Anu.

138 4141 178 4192 10
200 4140 290 4207 parire
319 4157 367 4208 pro
392 4158 492 4209 parere,
522 4143 574 4192 381
601 4144 723 4194 morimur
750 4145 772 4211 (i
795 4141 957 4211 longeest),
977 4141 1056 4193 Ovid.
1076 4142 1137 4192 Met.
1157 4140 1368 4202 ratiarnam.

138 4217 193 4280 73.
232 4229 332 4280 moenia
360 4231 450 4281 mundi
477 4237 556 4298 poeta
585 4231 651 4283 dicit
680 4234 829 4300 igniferum
849 4231 968 4292 aethera,
988 4232 1065 4281 66166
1084 4231 1220 4297 originem
1240 4229 1370 4280 describit

138 4319 301 4381 5,467-70.
320 4349 355 4356 -—
374 4319 482 4385 Quanta
502 4337 563 4371 cum
583 4321 765 4373 admiratione
786 4327 865 4388 poeta
884 4323 1028 4388 cognosset
1045 4319 1138 4386 spectri
1155 4335 1239 4385 quam
1260 4318 1368 4386 physici

137 4408 240 4461 dieunt
268 4408 397 4475 analpsin,
427 4425 474 4477 per
503 4426 586 4476 quam
611 4410 694 4478 longe
720 4409 871 4478 procedunt
894 4414 972 4461 extra
991 4410 1100 4461 moenia
1118 4407 1215 4459 mundi
1236 4407 1370 4478 nobisque

140 4498 270 4549 referunt
289 4513 324 4549 ex
344 4499 445 4566 quibus
464 4499 546 4550 rebus
564 4499 653 4551 sidera
673 4504 797 4552 constent
870 4555 871 4558 ,
