3096 5002
285 1178 288 1185 .
384 1062 679 1139 insumentum
706 1060 807 1136 nem
834 1057 962 1136 rainl.

570 1279 772 1287 .-—-—-

93 1473 168 1524 Libri
189 1473 292 1540 primus
312 1476 338 1524 et
357 1471 492 1524 secundus
511 1477 576 1524 sunt
566 1471 654 1524 t'de
648 1473 690 1534 ris,
709 1473 738 1521 in
758 1471 860 1538 quibus
880 1487 971 1522 rerum
990 1474 1091 1521 natura
1105 1470 1285 1522 consistitifle

54 1563 156 1614 atomis
183 1566 210 1613 et
234 1562 323 1623 inani;
349 1560 454 1613 librit
443 1565 496 1612 er
497 1565 591 1612 ruse
610 1564 692 1627 quar
694 1576 725 1610 us
744 1559 777 1610 de
797 1561 903 1622 anim03
923 1559 989 1610 libri
1008 1575 1077 1626 quru
1079 1563 1170 1610 use
1189 1562 1283 1609 sextus

55 1650 90 1702 de
110 1650 223 1703 mundo.

94 1739 176 1791 Libro
196 1740 284 1806 primo
304 1739 445 1791 Lucretius
465 1738 543 1791 docet
563 1739 634 1790 nihil
653 1754 710 1790 esse
730 1742 808 1806 praet
809 1754 838 1790 er
797 1738 948 1789 tinfmit
938 1741 996 1788 tum
1016 1752 1161 1788 numerum
1173 1735 1285 1803 primor-

55 1826 166 1880 diorum
186 1826 339 1880 solidorum
358 1844 389 1879 ac
408 1832 582 1880 aeternorum
601 1831 628 1878 et
647 1828 729 1878 inane
749 1827 902 1888 infinitum
922 1826 995 1877 libro
1005 1824 1134 1888 seeundo,
1145 1823 1283 1892 quomodo

56 1933 93 1968 ex
113 1917 210 1968 atomis
230 1917 258 1966 in
278 1918 367 1984 spatio
386 1932 428 1968 res
448 1917 524 1968 fiant.

439 2092 575 2146 Carminis
595 2096 765 2162 prooemium
784 2093 901 2162 (1-61).

95 2272 141 2323 Vs.
168 2271 265 2323 1-43.
302 2272 444 2324 Lucretius
472 2269 581 2324 invocat
609 2273 750 2334 Venerem,
779 2272 966 2326 Romanorum
996 2272 1171 2339 genetricem,
1192 2286 1283 2322 rerum

58 2366 174 2412 naturae
194 2361 424 2428 gubernatricem,
444 2363 503 2413 sine
523 2377 578 2429 qua
598 2377 686 2428 neque
706 2360 858 2428 quidquam
878 2362 985 2413 oriatur
1004 2376 1052 2412 nee
1073 2360 1218 2427 pulchrum
1230 2361 1285 2421 siat,

58 2449 169 2501 Memmi
189 2451 342 2512 fautricem,
362 2450 456 2501 Martis
475 2452 599 2512 amicam,
619 2456 650 2502 ιιι
669 2466 787 2513 carmen,
807 2449 880 2518 quod
901 2450 996 2500 latinis
1016 2448 1139 2501 versibus
1150 2448 1183 2500 de
1194 2465 1285 2500 rerum

57 2541 160 2589 natura
178 2538 287 2588 Memmi
307 2553 388 2589 causa
407 2540 558 2606 scripturus
577 2540 620 2600 sit,
640 2538 753 2590 adiuvet
772 2538 974 2606 pulchrumque
994 2539 1077 2589 faciat
1095 2541 1179 2604 atque
1204 2537 1286 2605 placi-

56 2625 125 2679 dam
142 2630 217 2693 petat
234 2642 249 2677 a
268 2627 353 2678 Marte
373 2643 473 2694 pacem.

96 2715 141 2766 Vs.
161 2715 274 2767 50-61.
312 2716 376 2768 Post
403 2716 530 2768 lacunam
550 2732 659 2767 carmen
678 2715 787 2768 dedicat
806 2715 947 2767 Lueretius
967 2715 1103 2776 Memmio,
1123 2731 1205 2782 quem
1225 2715 1286 2766 hor·

59 2809 134 2856 tatur
164 2809 193 2856 ut
220 2806 327 2858 intento
352 2807 444 2857 animo
463 2805 555 2873 legat3
575 2821 602 2857 se
623 2807 696 2857 euim
716 2805 848 2857 disserere
867 2805 987 2871 incipere
1005 2803 1039 2855 de
1058 2802 1100 2854 dis
1122 2801 1238 2872 [statim]
1260 2808 1288 2855 et

58 2892 160 2945 deinde
179 2892 213 2945 de
232 2895 330 2946 atomis
352 2891 437 2962 [libro
456 2893 468 2943 l
488 2898 515 2944 et
534 2892 583 2962 ll].

406 3071 579 3123 Prooemium
598 3071 664 3124 libri
684 3073 766 3139 primi
785 3071 943 3146 (ua-145p

95 3249 141 3300 Vs.
160 3248 274 3300 62-79.
311 3249 372 3300 Non
400 3248 514 3301 deorum
538 3250 661 3312 arbitrio,
681 3249 728 3301 sed
748 3251 827 3301 certis
846 3249 956 3317 legibus
977 3253 1093 3300 naturae
1112 3249 1204 3301 omnia
1227 3249 1285 3300 fieri

56 3339 194 3407 Epicurus
213 3338 341 3402 ostendit,
360 3340 409 3406 qui
428 3336 559 3407 religioni
578 3340 682 3407 primus
702 3339 817 3391 obstitit.
836 3338 863 3406 1)

94 3480 122 3548 1)
159 3481 281 3532 Primum
310 3482 461 3534 notandum
490 3487 531 3534 est
558 3483 722 3551 religionem
750 3481 824 3549 apud
851 3481 1008 3532 Lucretium
1034 3480 1107 3532 idem
1126 3496 1183 3532 esse
1192 3484 1285 3549 atque

56 3552 264 3620 superstitionem
284 3553 411 3621 Epicurei
432 3555 505 3605 enim
525 3570 580 3606 non
600 3554 753 3606 docuerunt
771 3552 835 3605 deos
855 3568 910 3605 non
930 3568 996 3614 esse,
1016 3551 1063 3603 sed
1075 3551 1142 3602 tales
1154 3567 1209 3603 non
1219 3566 1285 3613 esse

57 3623 156 3713 quales
184 3623 303 3691 populus
333 3630 450 3692 putaret.
431 3623 543 3677 thr
571 3624 644 3692 quod
674 3625 808 3710 Epicurus
836 3624 932 3675 scribit
959 3591 996 3674 ud
1023 3621 1284 3674 Menoeceum123:

56 3691 135 3758 θεοὶ
169 3694 229 3775 μὲν
265 3695 322 3782 γὰρ
345 3693 437 3759 εἰσίν·
470 3695 603 3785 ἐναργὴς
631 3694 688 3802 γὰρ
712 3687 817 3760 αὐιῶν
841 3695 929 3758 ἐστιν
954 3685 973 3782 ἦ
999 3695 1121 3774 γνῶσις.
1147 3687 1286 3802 ei'epgd'

57 3779 176 3857 αὐτοῦς
199 3810 231 3851 οι
224 3784 373 3852 ‘cettei
396 3787 593 3868 νομίζουσιν,
617 3779 677 3854 οὐκ
700 3786 791 3852 εἰσίν·
813 3777 1286 3872 οογὰρφνλάοτονσιναῦιοος

58 3881 148 3949 οἴους
178 3900 322 3946 νυουσιν.
349 3887 404 3957 [i..c
432 3904 487 3940 non
516 3892 588 3942 enim
618 3892 749 3942 memoria
777 3894 871 3940 tenent
898 3888 962 3940 deos
990 3888 1086 3954 quales
1112 3882 1282 3988 percipiunt]

57 3961 232 4054 ἇσεβὴςδὲ
255 3991 316 4049 οοχ
339 3993 356 4034 ο
384 3967 540 4043 robertis·
564 3971 694 4036 πολλῶν
718 3967 817 4045 decvs
841 3966 990 4058 ἀναιρῶν,
1016 3963 1121 4035 οἰιιιΗ
1104 3994 1121 4033 ο
1150 3969 1206 4039 τὰς
1223 3971 1285 4034 τῶν

56 4057 191 4122 πολλων
223 4059 315 4137 δόξας
343 4065 435 4134 θεοῖς
461 4060 674 4147 προσάπτων.
712 4071 823 4124 Plebem
852 4077 899 4122 aut
901 4087 946 4122 em
976 4070 1124 4121 Lucretiit
1114 4073 1285 4138 temporibus

58 4148 124 4200 deos
143 4149 256 4204 minime
276 4151 393 4216 optimos
412 4151 512 4202 animis
532 4153 643 4202 linxisse
663 4155 745 4217 atque
756 4151 789 4202 de
799 4150 914 4202 eruditis
925 4151 1002 4202 illius
1013 4150 1114 4202 saeculi
1125 4151 1285 4205 horninibus

57 4216 114 4271 dici
134 4235 224 4286 posse.
245 4221 292 4272 ubi
312 4221 355 4272 dei
375 4221 474 4284 desint,
456 4224 628 4290 timagines
647 4229 703 4273 ms
704 4238 758 4283 are
779 4238 834 4273 non
845 4237 872 4273 es
874 4221 970 4289 quod
980 4238 1149 4274 moneamus
1170 4223 1284 4287 Deinde,

58 4290 133 4358 quod
162 4291 297 4358 Epicurus
325 4296 352 4343 et
341 4292 485 4345 tLucret'
467 4298 521 4345 trus
549 4294 702 4346 docuerunt
692 4297 817 4344 tcertas
845 4309 902 4344 esse
931 4293 1045 4344 naturae
1064 4293 1149 4360 leges,
1169 4298 1240 4346 recte
1259 4299 1286 4346 et

57 4361 212 4414 laudabant
202 4367 246 4414 tur
274 4368 301 4414 et
328 4363 530 4427 laudabuntur;
559 4364 631 4432 quod
657 4368 748 4415 autem
768 4364 832 4416 inde
851 4365 972 4416 efficiunt
961 4369 1047 4432 terpo
1066 4363 1131 4417 deos
1151 4365 1285 4417 mundum

58 4449 109 4485 nec
137 4448 291 4501 procreasse
319 4450 368 4487 nec
396 4451 498 4503 regere,
524 4451 604 4488 nemo
632 4440 672 4487 est
699 4437 768 4503 quin
797 4436 834 4500 id,
862 4435 936 4503 quod
965 4435 1008 4486 illi
1028 4436 1203 4499 concludant,
1229 4454 1285 4490 ιιοιι

58 4505 127 4557 effici
157 4520 192 4556 ex
222 4507 366 4572 propositis
394 4522 444 4558 nee
468 4522 526 4560 esse
550 4523 718 4576 consequens
738 4508 898 4559 consentiat.
935 4507 978 4558 Ex
997 4522 1028 4560 eo
1048 4509 1131 4571 enim,
1150 4507 1224 4576 quod
1244 4508 1286 4561 sol
