3096 5002
48 525 105 581 212
149 532 221 581 2222
247 502 409 580 videlicet
434 499 470 577 in
496 501 597 578 terris
623 498 815 602 primordia
840 529 975 588 rerum,

149 650 239 722 quae
264 649 326 695 nos
352 622 519 694 fecundas
544 630 714 693 vertentes
740 646 876 692 vomere
901 619 1020 717 glebas

149 739 324 836 terraique
349 737 462 810 solum
489 737 689 833 subigentes
715 735 829 806 cimus
854 735 898 807 ad
925 742 1038 807 ortus:

151 855 246 950 quod
272 855 301 925 si
327 852 425 925 nulla
450 852 582 936 forent,
610 860 724 923 nostro
751 851 825 922 sine
850 875 1011 946 quaeque
1037 850 1154 921 labore

151 978 273 1065 sponte
298 993 361 1040 sua
388 967 498 1039 multo
524 967 599 1038 fieri
626 966 770 1037 meliora
796 965 946 1038 videres.

50 1104 107 1156 215
154 1085 236 1184 Huc
259 1084 392 1156 accedit
413 1083 466 1154 uti
488 1075 641 1179 quicque
664 1082 700 1152 in
723 1084 786 1153 sua
805 1106 950 1179 corpora
971 1107 1109 1153 rursum
1186 1096 1380 1150 niradnnum.

152 1199 320 1271 dissoluat
345 1207 469 1272 natura
495 1197 679 1294 nequead
706 1196 819 1268 nilum
847 1197 1031 1268 interemat
1057 1221 1127 1268 res.

153 1341 232 1387 nam
261 1313 378 1411 siquid
406 1313 550 1386 mortale
576 1339 595 1385 e
619 1312 755 1385 cunctis
781 1312 940 1409 partibus
965 1320 1070 1397 esset,
1280 1345 1338 1396 arg.
1355 1327 1382 1379 1.

153 1454 194 1501 ex
220 1429 330 1501 oeulis
355 1454 408 1501 res
434 1453 595 1526 quaeque
620 1435 762 1525 repente
787 1435 904 1525 erepta
930 1428 1076 1525 periret:

154 1545 253 1616 nulla
278 1545 312 1616 vi
338 1544 426 1616 foret
451 1570 535 1616 usus
560 1545 674 1629 enim,
702 1570 791 1640 quae
818 1544 976 1640 partibus
1001 1545 1076 1615 eius

49 1682 109 1732 220
155 1661 343 1732 discidium
371 1686 491 1757 parere
516 1669 550 1732 et
576 1686 684 1732 nexus
710 1659 881 1731 exsolvere
907 1668 1038 1756 posset.
1066 1704 1068 1708 ι

156 1777 391 1874 quodnunc,
420 1784 559 1848 aeterno
585 1775 669 1872 quia
695 1782 853 1846 constant
878 1774 1010 1846 semine
1036 1799 1214 1870 quaeque,

157 1892 343 1968 donecvis
368 1892 476 1977 obiit,
504 1917 594 1988 quae
620 1917 673 1963 res
695 1891 894 1962 diverberet
920 1890 992 1962 ictu
1061 1938 1074 1944 ψ

157 2016 216 2078 221
243 2007 338 2078 intus
364 2015 521 2103 penetret
547 2006 752 2104 perinanis
778 2005 1035 2102 dissoluatque,

159 2121 292 2193 nullius
307 2108 464 2193 exitium
491 2122 623 2219 patitur
648 2130 774 2194 natura
798 2120 931 2193 videri.
968 2173 969 2176 ,

55 2257 115 2308 225
162 2244 338 2333 praeterea
363 2262 453 2333 quae
479 2262 632 2333 cumque
659 2243 826 2309 vetustate
852 2243 988 2309 amovet
1013 2243 1123 2320 aetas,

144 2351 191 2422 si
217 2351 356 2447 penitus
382 2351 532 2448 peremit
558 2377 765 2423 consumens
791 2351 971 2422 materiem
997 2375 1156 2434 ornnem,

162 2465 257 2537 unde
283 2466 445 2539 animale
459 2493 569 2564 genus
593 2467 785 2563 generatim
812 2466 848 2536 in
876 2465 1012 2537 lumina
1037 2465 1127 2536 vitae

163 2581 325 2682 redducit
352 2583 487 2666 Venus,
514 2590 575 2653 221
601 2581 811 2653 redductum
838 2581 983 2653 daedala
1008 2579 1111 2652 tellus
1141 2603 1154 2639 v

163 2697 258 2768 unde
285 2697 347 2769 alit
372 2708 477 2794 atque
504 2705 606 2794 auget
632 2697 824 2793 generatim
850 2696 981 2794 pabula
1005 2695 1198 2792 praebens?

58 2833 119 2884 230
163 2812 258 2884 unde
285 2838 380 2885 mare
406 2813 571 2910 ingenuei
598 2813 709 2884 fontes
735 2822 945 2909 externaque
972 2811 1073 2908 longe

53 3078 56 3080 ’
114 3059 178 3120 210.
215 3070 328 3122 videlicet
345 3071 388 3122 ie.
408 3069 500 3122 videre
520 3070 592 3122 licet.
629 3056 697 3118 212.
731 3069 810 3120 cimus
829 3073 919 3120 exstat
937 3067 1009 3135 apud
1021 3067 1141 3120 Luchic
1152 3070 1213 3130 215,
1224 3067 1292 3130 211;

63 3162 165 3214 ceteris
193 3160 259 3212 12212
287 3160 401 3211 verbum
430 3159 550 3226 simplex
578 3159 650 3226 apud
677 3175 738 3210 eum
763 3163 804 3210 est
822 3158 893 3210 ciere.
931 3144 992 3216 216.
1031 3157 1173 3208 interemere
1192 3157 1293 3208 rectius

64 3249 199 3303 scribitur
218 3264 301 3314 quam
320 3248 467 3299 interimere.
504 3247 661 3298 61221662
673 3247 813 3311 1212222222,
832 3246 856 3308 1,
868 3247 919 3298 226
924 3245 1045 3313 peremit:
1064 3247 1088 3307 5,
1100 3244 1150 3296 216
1156 3253 1296 3313 peremunt.

65 3339 127 3392 cfr.
146 3338 270 3405 neglegere
288 3342 315 3389 21
333 3337 478 3404 intellegere.
515 3324 576 3386 2l7·
615 3337 651 3387 Ut
670 3337 698 3386 in
718 3336 793 3388 chori
809 3319 951 3415 2221121εῆ
966 3319 1166 3414 ἀναστροφή
1181 3333 1295 3386 totidem

66 3430 193 3481 numeris
221 3427 367 3495 respondet
390 3420 433 3506 τῇ
454 3418 592 3504 στροφῇ,
621 3429 659 3478 212
687 3429 795 3494 saepius
815 3426 888 3494 apud
907 3426 971 3478 Luc.
990 3425 1077 3477 altera
1098 3424 1295 3492 parsulicuius

66 3529 125 3581 loci
153 3526 267 3579 totidem
294 3527 418 3578 versibus
446 3527 610 3587 continetur,
638 3531 706 3592 quot
726 3541 787 3592 pars
807 3527 898 3592 prior3
918 3524 944 3576 id
965 3523 1039 3591 quod
1059 3524 1164 3590 primns
1183 3521 1253 3572 vidit
1271 3521 1296 3572 l.

69 3615 198 3685 Woltjer.
235 3616 323 3666 Huius
343 3617 499 3682 argumenti
518 3616 662 3683 (217—24)
683 3620 772 3682 partes
792 3617 946 3668 consistunt
964 3630 998 3665 ex
1018 3613 1160 3680 quaternis
1173 3611 1297 3662 versibus

67 3706 233 3775 1211-220,
261 3705 311 3755 221
340 3704 407 3772 qnod
433 3703 606 3768 nnnc-224).
644 3703 747 3755 Eodem
775 3703 856 3756 modo
876 3705 1024 3755 formatum
1043 3706 1084 3753 est
1103 3705 1297 3768 argumentum

68 3793 147 3863 quod
166 3793 348 3846 221238-’49
370 3792 398 3862 [6
419 3785 453 3850 ·Ι-
475 3801 503 3844 ot
520 3810 586 3843 nnnc
605 3791 644 3862 6].
682 3780 744 3842 219.
759 3791 832 3860 soret
841 3793 952 3843 usuale.
973 3792 991 3842 f.
1002 3807 1080 3858 opus.
1117 3775 1192 3838 222.
1238 3787 1300 3838 obiit

68 3887 117 3936 i.e.
145 3884 269 3944 incurrit,
299 3887 328 3933 ut
356 3881 416 3932 243.
453 3869 531 3931 224.
569 3882 662 3932 nulline
672 3897 707 3932 sc.
718 3883 756 3933 rei
768 3880 851 3948 (212),
871 3882 923 3932 2121
936 3883 1081 3947 genetivus
1091 3883 1132 3930 est
1142 3878 1215 3930 vocis
1225 3876 1297 3938 nilil,

71 3978 104 4024 21
125 3972 149 4033 1,
169 3971 229 4023 960.
249 4001 283 4007 -
310 3970 400 4033 videri,
418 3987 448 4033 ut
458 3963 650 4046 φαίνεσθαι,
661 3969 799 4021 interdum
810 3970 948 4037 significat
958 3985 1017 4021 esse.
1054 3955 1129 4017 228.
1158 3966 1300 4017 redducere.

70 4070 177 4145 Eodem
206 4069 286 4123 modo
314 4069 436 4121 reccidere
463 4070 536 4137 opud
565 4069 628 4120 Luc.
657 4068 781 4135 aliosque
809 4069 963 4134 scriptores
1000 4065 1056 4118 Cfr.
1075 4064 1186 4115 reddere.
1223 4051 1299 4112 230.

69 4159 192 4228 ingenuei
217 4160 273 4210 i.e.·
289 4160 317 4209 in
348 4160 417 4209 mari
443 4160 502 4226 ipso
522 4160 592 4220 orti;
612 4157 707 4225 quales
727 4158 815 4209 fontes
837 4172 895 4207 esse
914 4156 1023 4221 antiqui
1043 4154 1178 4221 putabant
1196 4151 1255 4219 (cfr.
1274 4151 1299 4213 6,

35 4240 38 4243 ’
69 4248 153 4316 613);
174 4252 268 4300 contra
287 4256 387 4298 2212222
406 4249 449 4298 i.e.
468 4247 631 4299 adventicia.
652 4277 684 4285 -
704 4247 860 4298 Lucretium
879 4261 959 4312 saepe
978 4244 1003 4295 ei
1020 4259 1069 4311 pro
1080 4243 1215 4309 isntiquo
1226 4256 1300 4293 more

69 4338 214 4405 scripsisse
242 4340 356 4403 apparet
383 4351 418 4386 ex
445 4337 481 4388 iis
497 4337 584 4399 Ι12212,
611 4338 657 4388 221
677 4336 782 4387 codices
802 4335 1006 4402 diphthongum
1027 4332 1161 4384 exhibent
1178 4331 1216 4399 (h.
1236 4330 1254 4381 l.
1274 4334 1301 4381 et
1347 4322 1349 4324 ’

69 4429 98 4490 3,
129 4426 162 4478 97
192 4424 283 4493 oculei)
311 4429 360 4476 221
386 4426 446 4477 2122
472 4427 587 4493 vestigia
605 4425 641 4493 (3,
661 4425 721 4487 222,
741 4424 789 4475 ubi
808 4428 957 4476 correctum
978 4427 1018 4474 est
1036 4421 1187 4490 ungnentei,·
1204 4421 1230 4482 4,
1249 4418 1300 4470 602

69 4515 166 4580 vitrei,·
194 4515 219 4577 6,
238 4515 308 4566 1143
327 4516 428 4580 222121,
455 4516 480 4578 6,
499 4516 567 4567 1251
587 4514 648 4566 talei
655 4532 664 4578 ;
691 4513 752 4575 5,3s
770 4513 808 4565 sei
816 4530 825 4576 ,·
853 4511 1036 4578 6,15cogei,·
1063 4510 1088 4573 6,
1107 4509 1176 4561 1217
1195 4508 1302 4573 2221221,
