3096 5002
350 531 462 604 usque
500 506 604 592 aden,
644 531 750 603 quem
784 507 934 604 quisque
961 508 1076 579 locum
1104 510 1274 605 possedit,
1302 510 1338 580 in
1365 510 1480 582 omnis

350 622 558 694 tantundem
587 622 694 719 partis
720 622 899 694 infinitum
927 649 1030 695 omne
1057 623 1243 722 relinquit.

351 746 527 835 praeterea
552 738 580 809 si
607 737 676 809 iam
704 737 845 810 finitum
872 740 1103 812 constituatur

352 878 455 926 omne
481 852 576 950 quod
603 862 653 925 est
678 853 851 950 spatium,
877 854 987 951 siquis
1013 863 1193 951 procurrat
1219 856 1263 928 ad
1288 881 1364 929 oras

349 969 497 1041 ultimus
522 978 690 1041 extremas
716 970 888 1066 iaciatque
914 971 1052 1044 volatile
1078 973 1208 1058 telum,

350 1085 387 1156 id
414 1085 537 1157 validis
563 1093 683 1157 utrum
710 1093 908 1158 contortum
934 1086 1068 1158 viribus
1093 1088 1143 1160 ire

351 1226 421 1297 quo
447 1202 553 1274 fuerit
580 1202 723 1273 missum
751 1202 859 1273 mavis
885 1201 1057 1298 longeque
1083 1204 1217 1288 volare,

352 1343 394 1389 an
424 1317 606 1415 prohibere
633 1317 769 1413 aliquid
795 1343 912 1389 censes
937 1318 1142 1414 obstareque
1168 1321 1289 1416 posse?

352 1433 557 1505 alterutrum
585 1432 723 1504 fatearis
747 1433 840 1504 enim
869 1458 1056 1530 sumasque
1082 1446 1266 1507 necessest.

351 1574 499 1646 quorum
528 1556 722 1645 utrumque
747 1548 813 1620 tibi
840 1548 1009 1644 effugium
1037 1549 1233 1645 praecludit
1259 1559 1293 1622 et
1318 1575 1423 1623 omne

352 1666 444 1762 cogit
470 1673 510 1736 ut
535 1673 694 1762 exempta
721 1663 889 1736 concedas
914 1664 983 1734 fine
1009 1672 1144 1760 patere.

352 1805 433 1852 nam
459 1781 530 1852 sive
549 1781 606 1852 vest
631 1780 758 1876 aliquit
783 1769 890 1876 quod
906 1780 1049 1876 probeat
1075 1781 1273 1877 officiatque

353 1921 423 1991 quo
449 1896 560 1968 minu'
587 1922 658 1992 quo
684 1897 828 1968 missum
856 1904 906 1967 est
932 1895 1054 1977 veniat
1072 1896 1205 1991 finique
1231 1896 1320 1968 locet
1346 1922 1401 1981 se,

352 2012 422 2084 sive
447 2011 536 2083 foras
562 2011 690 2096 fertur,
718 2036 786 2094 non
813 2019 864 2082 est
889 2037 908 2082 a
934 2012 1003 2082 fine
1029 2011 1242 2108 profectum.

353 2127 417 2199 hoc
443 2135 544 2224 pacto
569 2153 694 2223 sequar
720 2135 843 2223 atque,
870 2150 946 2197 oras
971 2126 1189 2222 ubicumque
1215 2126 1338 2198 locaris

354 2253 541 2328 extremas,
569 2268 734 2339 quaeram
762 2243 849 2339 quid
875 2240 944 2312 telo
970 2241 1123 2337 denique
1149 2243 1227 2313 fiat.

353 2359 413 2431 fiet
439 2359 491 2430 uti
517 2384 692 2454 nusquam
718 2359 825 2456 possit
851 2358 1034 2430 consistere
1061 2358 1158 2442 finis,

354 2473 595 2570 effugiumque
620 2473 723 2569 fugae
749 2473 896 2571 prolatet
922 2474 1022 2571 copia
1047 2499 1200 2570 semper.

354 2597 530 2685 praeterea
555 2589 704 2685 spatium
733 2590 885 2661 summai
906 2589 1017 2661 ‘totius
1042 2615 1146 2662 omne

354 2704 512 2801 undique
538 2705 565 2776 si
592 2705 768 2777 inclusum
795 2706 896 2778 certis
922 2705 1121 2777 consisteret
1146 2705 1215 2777 oris

354 2819 566 2915 finitumque
592 2819 697 2905 soret,
724 2821 792 2892 iam
821 2821 919 2918 copia
947 2820 1104 2892 materiai

354 2934 514 3030 undique
540 2935 753 3032 ponderibus
778 2936 898 3009 solidis
924 2937 1098 3009 confluxet
1124 2937 1169 3008 ad
1194 2937 1327 3022 imum,

355 3075 417 3122 nec
443 3075 496 3121 res
522 3050 594 3121 ulla
619 3051 692 3147 geri
718 3052 783 3123 sub
810 3052 895 3123 caeli
922 3052 1075 3148 tegmine
1101 3061 1233 3149 posset,

354 3190 417 3237 nec
443 3165 530 3237 foret
555 3167 699 3238 omnino
725 3166 860 3238 eaelum
887 3193 1000 3264 neque
1026 3169 1162 3239 lumina
1188 3168 1286 3252 solis;

354 3281 487 3377 quippe
513 3281 576 3352 ubi
603 3282 763 3354 materies
788 3285 902 3355 omnis
928 3284 1105 3373 cumulata
1132 3285 1258 3356 iaceret

355 3420 396 3467 ex
421 3396 560 3468 infinito
586 3397 656 3469 iam
683 3405 839 3496 tempore
864 3399 1096 3471 subsidendo.

356 3520 391 3583 at
416 3537 529 3597 nunc,
557 3514 745 3599 nimirum,
773 3517 911 3611 requies
936 3515 1016 3587 data
1042 3515 1298 3613 principiorum

356 3629 559 3724 corporibus
585 3631 732 3716 nullast,
760 3632 844 3728 quia
870 3631 920 3702 nil
946 3639 996 3702 est
1022 3630 1183 3701 funditus
1209 3630 1343 3713 imum,

359 3768 429 3839 quo
455 3745 554 3840 quasi
581 3745 755 3818 confluere
780 3754 814 3818 et
839 3745 936 3818 sedes
961 3746 1023 3818 ubi
1049 3770 1178 3843 ponere
1204 3745 1358 3842 possint.

303 3922 378 3983 968.
415 3936 440 3987 si
457 3935 517 3986 iam.
555 3933 611 3985 Cfr.
630 3933 665 3985 ad
685 3933 744 3984 396.
791 3921 866 3982 977.
902 3935 1006 4002 proteat
1024 3936 1042 3986 i.
1062 3950 1084 3986 e.
1105 3935 1258 4007 prohibeat,
1276 3933 1484 4002 ut3‚863probet

259 4025 276 4074 i.
304 4040 328 4075 e.
356 4023 492 4092 prohibet.
529 4022 631 4075 Contra
659 4020 774 4073 Plautus
801 4022 868 4074 dicit
891 4023 1038 4090 praebibere
1066 4027 1093 4074 et
1121 4023 1233 4074 delibare
1259 4038 1308 4090 pro
1323 4022 1444 4090 praebere
1461 4022 1484 4072 et

260 4113 352 4165 debere.
399 4100 474 4162 978.
506 4111 562 4178 fini
579 4114 596 4162 i.
616 4127 639 4162 e.
658 4113 686 4162 in
707 4112 769 4172 sine,
788 4127 844 4177 quo
864 4113 975 4162 missum
995 4116 1053 4174 est3
1072 4111 1124 4162 979
1143 4128 1160 4163 a
1173 4111 1231 4180 fine
1250 4113 1267 4163 i.
1278 4127 1301 4163 e.
1312 4112 1347 4162 ab
1359 4111 1483 4180 extremis

260 4206 374 4253 naturae
393 4203 456 4265 oris.
503 4187 577 4249 983.
600 4201 633 4250 ·i.
652 4216 675 4250 e.
695 4201 780 4267 copia,
800 4216 871 4267 quae
891 4200 945 4252 telo
964 4205 1005 4252 est
1024 4201 1145 4262 volandi,
1165 4216 1272 4268 semper
1288 4200 1357 4250 mihi
1371 4183 1484 4267 proferat

260 4291 402 4356 effugium,
430 4305 465 4340 sc.
495 4288 585 4341 locum
615 4289 661 4339 ubi
692 4290 773 4339 finem
803 4305 856 4340 non
877 4304 935 4340 esse
955 4291 1124 4340 convincam.
1170 4277 1246 4338 987.
1283 4290 1413 4359 confluxet
1429 4291 1447 4340 i.
1464 4302 1483 4338 e.

260 4377 447 4430 confluxisset.
485 4376 540 4429 On.
560 4377 594 4428 ad
615 4377 674 4428 233.
708 4365 770 4425 991.
791 4377 891 4429 Versus
910 4378 1074 4445 spondiacus
1085 4380 1225 4431 immotam
1236 4380 1358 4445 quietem
1369 4378 1483 4430 denotat

260 4453 336 4517 992.
378 4483 452 4517 nunc.
491 4464 546 4517 cfr.
566 4465 599 4516 ad
620 4465 681 4517 169.
