3096 5002
167 550 228 596 nec
254 549 344 621 quae
369 524 435 596 sub
461 549 581 595 sensus
607 524 708 596 cadat
736 523 808 594 ullo
833 529 989 618 tempore
1015 527 1165 605 nostroe,

166 665 227 712 nec
252 639 385 711 ratione
411 638 520 710 animi
547 664 653 736 quam
680 639 866 735 quisquam
895 637 1001 734 possit
1027 635 1152 732 apisci.

213 755 302 826 Nam
331 779 574 851 quaecumque
600 755 736 839 cluent,
764 761 825 826 aut
851 753 904 824 his
930 752 1116 824 coniuncta
1141 751 1279 823 duabus

58 891 118 943 450
166 871 269 943 rebus
295 896 335 943 ea
360 870 514 943 invenies
540 880 601 942 aut
627 871 749 942 harum
779 877 900 941 eventa
925 867 1077 938 videbis.
1177 935 1180 940 .

165 985 392 1057 coniunctum
418 996 472 1057 est
495 984 531 1056 id
559 985 654 1081 quod
681 1010 854 1080 nusquam
881 983 956 1054 sine
982 981 1171 1079 permitiali

165 1100 312 1173 discidio
338 1101 428 1197 potis
453 1108 504 1172 est
529 1100 664 1196 seiungi
691 1125 796 1196 seque
822 1099 980 1195 gregari;

164 1216 302 1313 pondus
326 1216 380 1288 uti
405 1215 512 1300 saxis,
540 1215 632 1286 calor
658 1215 781 1311 ignist,
810 1213 926 1310 liquor
952 1213 1075 1308 aquai,

165 1338 277 1402 tactus
303 1330 506 1427 corporibus
532 1330 680 1414 cunctis,
708 1330 859 1401 intactus
885 1329 1000 1400 inani.

59 1465 116 1516 455
164 1445 343 1517 servitium
370 1452 507 1529 contra,
535 1453 742 1541 paupertas,
770 1444 1001 1541 divitiaeque,

165 1560 323 1646 libertas,
351 1560 504 1643 bellum,
532 1560 735 1644 concordia,
763 1568 874 1632 cetera
901 1585 1053 1656 quorum

166 1675 320 1748 adventu
347 1684 463 1748 manet
489 1675 676 1747 incolumis
702 1683 826 1747 natura
853 1675 1041 1772 abituque‚

167 1791 249 1863 haec
275 1790 367 1862 soliti
393 1816 533 1876 sumus,
561 1800 601 1862 ut
627 1816 689 1888 par
715 1799 783 1876 est,
810 1799 931 1863 eventa
958 1814 1096 1861 vocare.

165 1913 303 2002 tempus
329 1905 413 1977 item
440 1930 501 2002 per
526 1931 561 1977 se
585 1931 656 1997 non
683 1916 751 1991 est,
779 1906 839 1978 sed
865 1906 969 1977 rebus
995 1904 1038 1976 ab
1065 1903 1150 2000 ipsis

59 2041 120 2092 460
169 2020 393 2117 consequitur
417 2045 555 2106 sensus,
582 2030 794 2094 transactum
823 2021 910 2118 quid
936 2022 979 2093 sit
1006 2021 1042 2091 in
1069 2044 1170 2104 aevo,

165 2145 240 2207 tum
267 2161 356 2232 quae
383 2159 436 2208 res
461 2136 584 2221 instet,
611 2137 700 2233 quid
726 2162 827 2234 porro
854 2136 982 2207 deinde
1008 2150 1192 2230 sequatur:

165 2275 227 2322 nec
254 2276 316 2347 per
340 2277 375 2323 se
401 2277 613 2348 quemquam
643 2260 782 2350 tempus
807 2252 934 2324 sentire
960 2250 1175 2323 fatendumst

165 2371 334 2438 semotum
363 2366 406 2438 ab
433 2392 546 2438 rerum
578 2377 675 2439 motu
701 2368 908 2465 placidaque
935 2367 1070 2464 quiete.

164 2480 318 2578 denique
344 2482 578 2579 Tyndaridem
607 2492 742 2581 raptam
769 2483 931 2579 belloque
957 2483 1116 2554 subactas

59 2615 117 2666 465
165 2596 391 2693 Troiiugenas
415 2598 528 2693 gentis
555 2623 634 2669 cum
663 2598 786 2670 dicunt
812 2624 901 2684 esse,
929 2598 1154 2669 videndumst

108 2829 177 2890 447
206 2857 247 2909 sq.
272 2842 315 2893 ic.
340 2817 408 2892 οὔτ’
433 2826 597 2917 αἰσθητὸν
621 2824 696 2894 οὔτε
718 2830 848 2917 νοητόν.
893 2827 969 2888 448.
1007 2838 1091 2906 apisci
1107 2839 1150 2888 ie.
1170 2837 1293 2904 adipisci.

59 2938 121 2990 Hoc
152 2938 265 2988 verbum
286 2942 427 3004 praeterea
446 2937 550 3005 legitur
569 2937 665 2999 6,1235
685 2943 712 2988 et
731 2937 809 2998 5‚808
828 2936 884 3003 apti
902 2937 944 2986 ie.
963 2933 1065 3001 adepti.
1107 2920 1182 2980 449.
1221 2949 1294 3000 qaae-

58 3043 168 3095 conupre
194 3027 276 3078 cluent
304 3026 359 3096 [ie.
388 3025 529 3095 dicuntur]
560 3043 596 3077 sc.
625 3042 682 3077 esse
703 3031 810 3094 praeter
828 3027 911 3077 inane
931 3030 957 3076 et
976 3038 1097 3090 corpora,
1117 3023 1145 3073 id
1165 3021 1238 3089 quod
1259 3037 1293 3073 ex

60 3122 292 3174 antecedentibus
320 3122 483 3174 sumendum
510 3128 558 3173 est.
578 3121 634 3173 Cir.
654 3121 686 3172 ad
708 3122 768 3174 480.
788 3153 821 3159 —
841 3123 974 3173 coniuncto
994 3123 1036 3172 i.e.
1056 3111 1292 3199 συμβεβηκότα,

60 3223 164 3270 eventa
192 3220 235 3270 i.e.
261 3207 486 3289 συμπτώματα
505 3219 553 3286 Ep.
599 3205 674 3267 451.
713 3234 836 3285 nusquam
855 3219 898 3269 ie.
918 3220 1032 3270 omnino
1052 3234 1115 3270 non.
1136 3216 1192 3269 cfr.
1212 3219 1294 3285 Verg.

62 3313 134 3366 Aen.
164 3314 242 3376 5,853
269 3315 415 3382 clavamque
442 3313 543 3381 affixus
569 3321 592 3364 et
618 3314 722 3365 haerens
749 3330 873 3381 nusquam
898 3314 1033 3366 omittebat.
1052 3344 1087 3351 -
1101 3313 1231 3381 permities
1250 3315 1293 3364 ie.

61 3404 208 3472 pernicies.
238 3404 379 3456 Donatus:
410 3421 474 3471 iper
503 3406 722 3456 immutationem
743 3403 850 3456 litterae
871 3408 901 3455 ut
920 3403 965 3454 olii
984 3420 1032 3470 pro
1051 3403 1099 3467 illi,
1119 3402 1244 3470 syllabae
1263 3407 1295 3454 ut

56 3491 191 3561 permiiies
220 3508 268 3560 pro
288 3492 441 3561 pernicicm*
486 3480 562 3542 452.
600 3509 672 3560 seque
688 3493 798 3560 prepori.
837 3493 919 3544 Poeta
938 3492 1077 3544 interdum
1097 3493 1176 3543 tmesi
1198 3493 1294 3554 utitur,

65 3586 98 3632 ut
116 3582 147 3632 in
168 3582 281 3634 vocibus
300 3583 367 3650 ipsis
386 3581 532 3633 discidium
551 3587 578 3633 et
597 3581 737 3633 distractio
757 3587 896 3649 appareat,
916 3581 1002 3633 veluti
1023 3580 1073 3632 651
1090 3581 1177 3648 disque
1186 3580 1294 3648 caparis,

64 3668 146 3731 5‚299
175 3669 240 3720 inter
266 3670 341 3736 quasi
366 3678 450 3737 rupta,
479 3669 557 3732 siai
578 3670 642 3720 inici·
659 3670 734 3736 quasi
752 3686 873 3737 resapere,
893 3671 990 3733 suari
1009 3671 1073 3722 inter
1087 3672 1168 3739 piopc
1187 3686 1294 3733 currere,

63 3758 145 3820 3,859
173 3758 239 3810 inter
264 3759 332 3811 enirn
359 3759 452 3810 abetost.
497 3745 573 3805 454.
611 3758 700 3809 Etiam
730 3760 802 3810 inter
830 3760 957 3827 exempla
985 3762 1202 3821 coniunctorum,
1222 3774 1294 3826 quae

66 3853 183 3922 protulit
211 3855 355 3922 Epicurus,
384 3863 462 3909 erant
481 3839 509 3935 ηε
534 3841 711 3911 ἆντιι·υπία
734 3847 793 3930 μὲν
817 3849 877 3915 τοῦ
900 3849 1056 3931 σώματος,
1080 3840 1155 3926 εἷξις
1179 3848 1212 3913 δὲ
1236 3848 1296 3916 voci

67 3949 163 4015 κενοῦ
180 3988 216 3995 -
235 3958 351 4010 intactus.
388 3959 575 4028 Participialia
594 3978 655 4012 cum
676 3962 703 4011 io
723 3964 852 4030 negativo
872 3965 1018 4015 coniuncta
1038 3981 1092 4016 ron
1114 3966 1166 4016 nisi
1186 3970 1295 4016 sextum

71 4071 160 4106 cusum
188 4055 307 4122 recipere
335 4054 443 4106 solent:
473 4056 579 4119 iniussu,
609 4057 702 4107 inculto
738 4061 771 4108 tc.
811 4059 847 4110 Ut
866 4064 957 4111 tamen
977 4060 1021 4110 hic
1041 4060 1104 4111 Luc.
1125 4061 1212 4127 primo
1232 4076 1295 4111 casu

73 4159 133 4194 usus
159 4149 208 4205 est,
237 4144 275 4194 sic
301 4148 400 4210 quarto
420 4143 600 4206 Liv.42‚12,i
621 4145 724 4196 honores
743 4145 850 4198 desertos
864 4165 913 4216 per
931 4149 1051 4199 incultum
1070 4157 1093 4200 et
1110 4149 1294 4216 nepiipeniz'am.

71 4217 135 4288 455
153 4247 213 4299 sqq.
250 4230 446 4285 Anacolutlron
466 4233 587 4284 eiusdem
609 4236 718 4300 generis
737 4250 767 4285 ac
787 4236 814 4286 h.
834 4237 862 4298 l.,
882 4239 930 4288 ubi
951 4239 1138 4289 nominativus
1159 4238 1296 4304 excipitur

79 4321 229 4391 accusativo,
249 4320 368 4397 legimus
388 4321 460 4388 apud
481 4320 536 4374 Cic.
557 4322 590 4374 de
610 4324 656 4373 fin.
677 4322 754 4384 3,112
774 4333 867 4376 ceterae
886 4325 1038 4394 disciplinae
1057 4363 1063 4377 .
1084 4363 1090 4377 .
1111 4363 1117 4375 .
1137 4342 1187 4377 ecs.
1217 4314 1293 4374 461.

82 4403 127 4458 un.
144 4409 177 4461 ud
196 4409 316 4461 Herenn.
336 4410 397 4471 2,5:
417 4420 528 4478 temporo
547 4412 611 4462 tria:
626 4413 798 4479 praeteritum,
809 4414 914 4476 instans,
925 4431 1081 4482 consequens.
1104 4401 1179 4463 465.
1196 4415 1296 4466 Troiia-

84 4508 153 4560 9cnus,
172 4497 224 4549 476
247 4497 387 4561 Troiianis,
407 4500 457 4551 477
480 4499 703 4568 Graiiupenoram.
742 4504 836 4567 Quint.
856 4503 961 4567 1,4,11:
983 4505 1158 4559 isciatetiam
1169 4503 1295 4559 Ciceroni
