3096 5002
152 537 258 607 quam
285 510 371 582 libet
396 511 432 580 in
460 516 613 606 partem,
640 511 790 582 trudunt
815 535 868 582 res
893 517 973 582 ante
998 520 1185 606 ruuntque

151 625 343 722 impetibus
369 625 516 709 crebris,
544 625 721 697 interdum
748 625 875 697 vertice
901 633 990 697 torto

152 741 346 837 corripiunt
372 740 563 836 rapideque
589 741 715 813 rotanti
741 741 884 812 turbine
910 748 1066 837 portant.

105 877 111 924 1
152 881 258 953 quare
285 857 389 927 etiam
417 864 522 953 atque
547 857 652 928 etiam
679 864 761 928 sunt
787 857 880 928 venti
907 881 1051 953 corpora
1076 881 1195 939 caeca,

152 972 439 1068 quandoquidem
467 971 566 1043 factis
592 981 626 1043 et
652 972 809 1043 moribus
834 970 971 1043 aemula
1000 971 1134 1067 magnis

153 1088 317 1160 amnibus
342 1088 589 1172 inveniuntur,
617 1098 735 1185 aperto
762 1111 903 1183 corpore
929 1086 991 1182 qui
1018 1094 1118 1158 sunt.

152 1211 228 1275 tum
256 1227 357 1299 porro
384 1203 493 1274 varios
519 1228 632 1274 rerum
662 1202 831 1274 sentimus
857 1202 996 1287 adoreo,

153 1342 216 1389 nec
242 1325 359 1389 tamen
386 1317 430 1388 ad
457 1317 549 1389 naris
574 1318 744 1389 venientis
770 1318 946 1390 cernimus
973 1343 1162 1413 umquam,

105 1452 114 1501 1
153 1458 215 1504 nec
242 1432 372 1504 calidos
398 1440 511 1504 aestus
539 1433 691 1518 tuimur,
720 1459 782 1505 nec
809 1434 935 1530 frigora
963 1434 1106 1529 quimus
1186 1509 1188 1513 ,

153 1574 321 1645 usurpare
347 1548 475 1633 oculis,
503 1574 566 1621 nec
592 1575 691 1622 voces
716 1574 855 1621 cernere
881 1573 1040 1632 suemus3

153 1689 242 1760 quae
268 1672 384 1735 tamen
412 1665 529 1736 omnia
555 1690 718 1761 corporea
744 1673 899 1737 constare
925 1673 1093 1736 necessest

153 1788 296 1864 natura,
324 1780 491 1875 quoniam
517 1806 637 1852 sensus
662 1779 829 1877 inpellere
854 1787 1016 1877 possunt:

153 1903 294 1991 tangere
315 1879 413 1966 enim
440 1904 474 1967 et
499 1896 615 1993 tangi,
642 1897 709 1967 nisi
736 1921 879 1993 corpuS,
908 1895 1005 1967 nulla
1031 1902 1142 1991 potest
1168 1918 1237 1965 res.

105 2031 111 2078 1
153 2010 306 2106 denique
332 2010 528 2107 fluctifrago
554 2037 739 2109 suspensae
764 2012 800 2082 in
828 2012 928 2083 litore
954 2019 1083 2082 vestes·

153 2135 340 2210 uvescunt,
367 2127 508 2199 eaedem
536 2127 717 2223 dispansae
742 2128 778 2199 in
805 2128 875 2200 sole
901 2134 1092 2199 serescunt.

154 2250 189 2313 at
214 2267 329 2337 neque
356 2268 425 2338 quo
452 2251 552 2338 paeto
579 2243 769 2339 persederit
793 2269 895 2315 umor
921 2242 1025 2339 aquai

154 2357 319 2441 visumst,
347 2384 410 2430 nec
438 2383 576 2430 rursum
604 2384 674 2454 quo
701 2369 801 2455 pacto
828 2358 956 2455 fugerit
982 2367 1096 2430 aestu.

155 2473 191 2543 in
219 2498 340 2570 parvas
364 2475 473 2570 igitur
498 2475 605 2571 partis
632 2474 844 2570 dispergitur
869 2499 989 2558 umor,

105 2607 116 2656 1
157 2614 243 2684 quas
269 2588 361 2659 oculi
388 2588 487 2660 nulla
512 2598 657 2686 possunt
683 2590 816 2661 ratione
841 2590 975 2661 videre.

156 2703 243 2800 quin
270 2705 375 2776 etiam
403 2704 524 2777 multis
549 2705 630 2777 solis
656 2705 885 2777 redeuntibus
911 2704 1011 2776 annis

156 2818 284 2891 anulus
310 2819 347 2889 in
375 2819 485 2916 digito
512 2821 632 2893 subter
657 2815 823 2894 tenuatur
849 2819 1029 2903 habende,

157 2933 299 3030 stilicidi
327 2960 426 3006 casus
452 2934 606 3032 lapidem
634 2945 749 3021 cavat,
776 2962 889 3008 uncus
915 2934 1018 3006 aratri

156 3050 288 3122 ferreus
313 3050 458 3123 occulte.
475 3052 642 3124 decrescit
667 3078 786 3124 vomer
811 3052 847 3123 in
874 3051 982 3134 arvia,

105 3186 112 3233 '›
154 3174 329 3262 strataque
356 3167 425 3238 iam
451 3167 544 3264 volgi
572 3168 721 3264 pedibus
747 3168 874 3240 detrita
899 3167 1035 3238 viarum

155 3306 255 3353 saxea
283 3282 518 3379 conspicimus
533 3317 541 3368 ;
568 3291 657 3369 turn,
685 3292 800 3380 portas
825 3289 984 3379 propter,
1012 3288 1098 3353 aena

105 3421 262 3430 ———-

105 3512 177 3575 295·
225 3541 245 3576 e.
265 3542 289 3575 u.
308 3541 328 3575 e.
349 3526 391 3576 ie.
411 3526 510 3575 iter-nm
531 3523 603 3575 idem
624 3522 693 3574 dico.
744 3509 819 3572 300·
858 3520 1285 3587 Antiquioresscriptoresinter-

105 3631 124 3664 rr
143 3613 285 3665 declinant
299 3615 412 3664 verbnm
424 3612 518 3664 tuendi
530 3612 679 3663 secundnm
692 3614 799 3663 tertiam
811 3611 1043 3678 coniugatioucm.
1078 3595 1142 3658 30l·
1162 3624 1285 3676 usurpare

121 3704 268 3770 percipere.
313 3690 389 3751 306.
428 3703 528 3753 eaedem
548 3707 587 3754 est
607 3701 723 3753 duarum
743 3700 924 3767 syllabarum,
947 3703 975 3749 ut
994 3697 1134 3749 interdum
1153 3697 1238 3748 euclem
1257 3701 1284 3747 et

105 3792 153 3854 cuc,
173 3807 280 3858 semper
299 3791 365 3842 idem
383 3790 477 3858 (plur.)
496 3796 523 3842 et
542 3792 629 3842 isdem.
649 3821 683 3829 -
702 3791 809 3842 Nonius
820 3789 1023 3856 grammaticus,
1034 3788 1081 3853 qni
1094 3784 1284 3837 vixitsaeculo

105 3883 139 3934 tio
169 3880 298 3948 p.Clrr.n.‚
326 3880 377 3933 hoc
407 3896 487 3932 versu
516 3880 628 3932 laudato
657 3880 723 3930 hacc
751 3878 834 3929 dicit:
862 3876 982 3931 lScrescit
1000 3892 1049 3942 pro
1073 3876 1189 3936 siccatur,
1209 3874 1284 3941 quod

105 3971 190 4022 enites
219 3971 289 4020 sicca
316 3971 360 4020 sit.
386 3969 453 4021 Inde
474 3970 555 4037 Verg.
575 3969 652 4021 ducto
672 3968 771 4034 Georg.
791 3968 805 4017 1
826 3966 899 4032 (461)
918 3965 984 4016 aude
1002 3981 1103 4016 serenas
1121 3971 1206 4014 ventas
1225 3970 1286 4031 opat

105 4057 159 4110 es.'’
189 4057 244 4110 cfr.
264 4057 363 4124 Georsr.
383 4058 460 4119 &197
480 4057 759 4124 uridudcffertnubilu.
805 4045 859 4104 31!-
902 4055 962 4107 solis
981 4054 1064 4105 11111111.
1086 4054 1119 4104 ll.
1139 4053 1283 4104 Terentius

105 4165 153 4211 tro,
174 4147 347 4200 doctissimus
366 4146 415 4197 ille
435 4146 558 4213 aequalis
578 4145 725 4207 Ciceronis,
745 4145 841 4196 scribit
859 4143 1284 4210 de1.l.6,8:ltempusabruma

119 4239 257 4297 brumam,
286 4236 351 4286 dum
372 4235 413 4287 sol
433 4236 511 4297 redit,
533 4241 645 4286 vocatur
664 4250 762 4295 annue,
782 4233 856 4300 quod
878 4238 907 4283 ut
926 4233 1004 4298 parvi
1024 4232 1120 4282 circuli
1140 4229 1227 4292 anuli,
1246 4232 1284 4281 sic

105 4327 151 4393 gni
172 4324 335 4375 dicebantur
354 4326 459 4375 circites
478 4326 533 4386 ani,
554 4324 627 4374 undo
647 4324 762 4374 annua'*
810 4308 883 4371 315.
921 4328 1001 4372 stratu
1019 4319 1119 4371 clarum
1134 4321 1177 4371 ie.
1187 4324 1285 4371 stratas

105 4431 124 4466 3.
162 4413 265 4466 Eodem
285 4413 366 4465 modo
386 4413 449 4464 Luc.
469 4413 537 4465 dicit
554 4413 641 4464 clausa
661 4413 800 4475 domorum,
818 4426 877 4462 veru
895 4409 958 4472 ciui,
973 4408 1285 4478 caerulocoeli,rcporum

105 4510 167 4553 acta
186 4507 235 4554 cet.
