3096 5002
217 542 275 621 hic
300 556 351 621 est
376 556 470 621 vasta
495 544 709 646 Charybdis,
737 558 771 621 et
799 544 854 622 hic
881 549 1033 622 Aetnaea
1061 551 1241 623 minantur

219 688 400 737 murmura
425 665 647 737 flammarum
675 689 812 736 rursum
841 691 876 736 se
902 665 1063 762 colligere
1089 666 1175 751 iras,

217 781 378 854 faucibus
403 788 544 878 eruptos
570 780 697 852 iterum
725 780 775 852 vis
801 787 841 852 ut
867 788 983 852 vomat
1008 781 1099 877 ignis

217 895 260 968 ad
286 896 493 993 caelumque
519 896 606 968 ferat
631 896 852 967 flammarum
880 895 1020 992 fulgura
1046 921 1205 969 rursum.

217 1019 414 1108 quaecum
442 1036 566 1110 magna
593 1011 706 1083 modis
733 1011 853 1083 multis
879 1011 1039 1083 miranda
1065 1012 1204 1085 videtur

217 1128 380 1224 gentibus
406 1128 570 1200 humanis
596 1128 690 1224 regio
716 1127 927 1223 visendaque
953 1127 1081 1212 fertur,

218 1244 322 1317 rebus
347 1244 465 1340 opima
490 1244 610 1328 bonis,
639 1244 750 1315 multa
777 1243 914 1315 munita
939 1242 1051 1314 virum
1081 1243 1133 1327 vi,

218 1357 268 1429 nil
294 1367 411 1431 tamen
439 1358 503 1431 hoc
530 1359 692 1431 habuisse
718 1360 791 1431 viro
817 1359 1028 1456 praeclarius
1054 1358 1090 1430 in
1118 1385 1152 1432 se

217 1499 280 1545 ner¹
306 1472 462 1546 sanctum
494 1475 603 1570 magis
628 1483 662 1546 et
688 1475 817 1546 mirum
845 1499 1036 1571 carumque
1063 1475 1218 1547 videtur.

218 1589 373 1660 carmina
398 1589 485 1686 quin
512 1591 617 1662 etiam
644 1590 755 1661 divini
781 1591 929 1687 pectoris
954 1591 1030 1663 eius

217 1690 450 1777 vociferantur
475 1714 510 1777 et
534 1714 715 1802 exponunt
740 1706 912 1803 praeclara
940 1715 1093 1804 reperta,

218 1828 258 1891 ut
283 1811 339 1891 vir
366 1820 520 1892 humana
545 1821 705 1892 videatur
730 1821 837 1918 stirpe
863 1828 1014 1893 creatus.

266 1935 336 2045 llic
363 1943 479 2007 tamen
506 1949 539 2009 et
565 1963 670 2034 supra
696 1964 783 2034 quos
808 1938 962 2009 diximus
988 1937 1167 2009 inferiores

217 2050 376 2146 partibus
401 2051 536 2148 egregie
563 2053 684 2124 multis
712 2053 892 2150 multoque
921 2054 1087 2137 minores,

217 2191 433 2262 quamquam
462 2166 571 2240 multa
598 2168 686 2241 bene
712 2194 751 2240 ac
777 2168 946 2241 divinitus
971 2169 1185 2241 invenientes

217 2306 258 2352 ex
284 2281 388 2379 adyto
414 2290 594 2379 tamquam
622 2285 735 2357 cordis
761 2311 921 2382 responsa
948 2284 1073 2358 dedere

217 2398 370 2469 sanctius
395 2406 429 2470 et
456 2399 567 2472 multo
593 2409 686 2473 certa
711 2402 842 2473 ratione
870 2401 979 2498 nragis
1004 2427 1112 2497 quam

219 2513 344 2610 Pythia
369 2539 459 2610 quae
485 2516 616 2612 tripodi
642 2543 662 2589 a
688 2516 820 2588 Phoebi
847 2516 1014 2612 lauroque
1041 2516 1215 2613 profatur,

122 2648 173 2699 740
218 2629 400 2727 principiis
426 2639 543 2703 tamen
570 2633 611 2732 in
634 2659 746 2705 rerum
777 2633 886 2705 iecere
913 2632 1031 2704 ruinas

165 2865 240 2928 722.
277 2887 360 2930 aurius
379 2878 506 2930 cohaeret
525 2895 586 2929 eum
605 2895 708 2940 <normae
727 2895 836 2941 ariana·
857 2880 964 2946 proprie
984 2884 1025 2929 est
1044 2879 1062 2929 i.
1081 2894 1108 2944 q.
1127 2876 1267 2940 desertus3
1288 2876 1344 2930 Cf.

123 2968 219 3031 6‚1140
246 2968 425 3036 (pestilentia)
452 2960 560 3019 uastauit
587 2968 661 3032 vioa;
690 2967 788 3018 deinde
816 2969 888 3035 sign.
915 2966 1342 3034 quodimmeneest,ut6,681

123 3057 197 3109 riualis
225 3056 321 3108 internae
342 3057 497 3124 fornacibus
524 3063 572 3109 out
600 3056 672 3123 quod
703 3057 812 3108 foedum
842 3056 885 3106 vel
906 3057 981 3108 triste
1001 3064 1041 3109 est
1059 3065 1179 3125 aspectu,
1199 3062 1230 3108 ut
1248 3057 1345 3119 5,1290

123 3147 223 3197 riulnera
250 3154 330 3197 vasto.
355 3176 390 3183 —
409 3163 537 3197 rrrurmuro
556 3146 687 3196 minantur
704 3146 732 3212 (i.
752 3160 774 3195 e.
796 3145 937 3195 nriuaciter
956 3145 1089 3214 indicant)
1102 3146 1273 3214 flarnmarum
1291 3145 1345 3195 irrue

122 3236 149 3301 (i.
177 3251 200 3287 e.
229 3234 352 3286 llammas
381 3236 472 3296 iratas,
501 3235 606 3300 saevas)
632 3250 658 3284 se
685 3232 870 3300 (referendum
899 3239 939 3284 est
967 3234 1002 3285 ad
1021 3235 1086 3300 iras)
1104 3252 1203 3286 rursum
1222 3237 1343 3303 collipere.

124 3311 263 3373 723-5.
302 3324 384 3374 Poeta
412 3323 511 3374 litteris
538 3341 571 3385 m,
590 3342 615 3385 a,
629 3323 658 3391 f,
677 3339 694 3374 a
715 3324 818 3374 iteratis
837 3323 963 3374 imitatur
982 3340 1106 3375 murmur
1125 3330 1152 3375 et
1170 3324 1343 3377 flammarum

123 3414 302 3481 eruptionem.
349 3399 425 3461 724.
463 3411 518 3463 cfr.
538 3412 615 3474 6501
636 3428 675 3480 sq.
722 3399 796 3461 728·
834 3429 867 3462 m.
887 3429 920 3463 m.
939 3430 961 3463 v.
980 3413 1343 3465 v.i.e.munitaincolarum

124 3501 310 3553 multitudine.
357 3488 430 3550 734.
468 3517 554 3568 supro.
584 3502 635 3552 705
665 3516 724 3567 sqq.
770 3488 844 3550 739.
884 3501 983 3568 Pythia
1007 3517 1135 3568 responsa
1154 3502 1230 3554 dedit
1247 3502 1344 3554 sedens

123 3592 150 3641 in
180 3589 296 3658 tripode,
324 3591 381 3656 qui,
410 3595 442 3640 ut
469 3589 569 3656 Pythia
589 3591 655 3657 ipsa,
676 3589 777 3640 laureis
797 3591 904 3642 coronis
923 3596 1035 3642 ornatus
1055 3595 1120 3642 erat.
1158 3590 1344 3643 Callimachus

122 3691 160 3756 (in
182 3688 241 3740 Del.
260 3685 305 3755 94)
324 3686 483 3755 Apollinem
503 3688 637 3739 dicentem
658 3688 813 3739 l'aeithaec:
835 3671 902 3742 ἀλλ’
915 3679 1021 3765 ἔμπης
1033 3677 1109 3762 ἐρέω
1122 3702 1153 3742 τι
1166 3702 1344 3766 τορωῑερον

122 3765 145 3862 ἢ
168 3763 235 3836 (ind
260 3770 394 3857 δάφνης.
414 3809 445 3816 -
467 3778 563 3845 tripodi
580 3783 620 3830 est
638 3783 732 3830 sextus
752 3794 838 3838 casus,
858 3783 889 3828 ut
907 3776 986 3838 2416
1006 3775 1094 3839 Cilici,
1113 3777 1344 3842 3‚132Helieoni;

124 3896 203 3936 auam
224 3878 338 3930 ablativi
359 3879 386 3927 in
410 3875 519 3928 Graecis
539 3875 680 3928 vocabulis
701 3881 730 3926 ut
749 3875 850 3926 ibreve
861 3882 1003 3942 respuunt,
1013 3877 1052 3927 ita
1062 3892 1117 3928 non
1129 3876 1209 3929 modo
1219 3894 1231 3929 e
1241 3893 1344 3945 eorrep-

123 3985 181 4031 tnm
201 3976 246 4028 sed
268 3977 349 4027 etiam
370 3975 381 4025 i
398 3975 512 4043 longum
533 3974 692 4025 admittunt.
712 3974 787 4039 Quae
797 3973 870 4040 apud
883 3973 1000 4026 Graecos
1010 3975 1133 4026 dativum
1145 3976 1173 4024 in
1184 3988 1213 4029 ει
1223 3977 1345 4037 mittunt,

122 4093 216 4130 eorum
237 4074 353 4126 ablativi
374 4074 486 4141 produci
498 4071 613 4134 solent,''
625 4077 656 4123 ut
666 4072 746 4124 Ovid.
760 4071 1179 4140 llet.10,608Hcppomene*vz'cto.
1200 4073 1230 4124 ln
1243 4073 1345 4125 Latinis

121 4164 265 4218 vocabulis
284 4164 399 4215 ablativi
419 4162 492 4230 apud
512 4162 575 4213 Luc.
592 4161 730 4213 interdum
741 4162 752 4211 i
762 4161 873 4228 longum
884 4160 1045 4223 admittunt,
1057 4162 1141 4213 veluti
1150 4162 1256 4229 portil,
1267 4161 1345 4214 1111.

122 4241 197 4303 740.
234 4252 322 4320 secere
349 4252 438 4302 ruinas
463 4253 481 4302 i.
500 4267 523 4302 e.
543 4250 612 4317 lapsi
632 4256 705 4302 sunt.
742 4250 806 4302 Hor.
826 4248 881 4300 Sat.
901 4249 989 4311 2‚8,54
1008 4250 1101 4301 intereo
1119 4267 1240 4319 suspensa
1256 4267 1346 4318 proves

122 4344 197 4395 aulea
216 4342 305 4392 ruinas
325 4341 357 4390 In
373 4340 492 4407 potinum
505 4339 600 4406 fecere.
638 4338 820 4405 Metaphorice
842 4344 871 4391 ut
890 4338 917 4389 h.
936 4338 955 4389 l.
975 4337 1030 4390 Cic.
1042 4339 1159 4400 fin.1,1s
1170 4340 1229 4392 illae
1238 4337 1348 4406 Epicuri

119 4431 243 4499 propriae
270 4430 360 4480 ruinae
387 4430 416 4496 (i.
444 4444 467 4479 e.
496 4428 597 4494 lapsus,
626 4428 758 4495 errores);
778 4427 838 4489 2,18
857 4426 908 4477 ruit
925 4427 953 4476 ia
972 4427 1096 4494 dicendo;
1115 4429 1148 4481 de
1169 4430 1222 4497 leg.
1242 4428 1346 4491 1,13,39

122 4518 291 4587 (Academia)
310 4519 335 4567 ni
352 4517 472 4567 invinerit
491 4517 517 4566 in
536 4517 605 4567 haer.
617 4553 623 4565 .
635 4553 640 4566 .
652 4553 675 4565 ..
696 4516 789 4567 nimina
807 4516 861 4566 edet
878 4516 975 4566 ruinae
