3096 5002
173 506 288 602 ignem
316 515 421 603 atque
447 533 488 578 ex
514 507 587 603 igni
613 533 787 580 summam
814 507 998 579 consistere
1024 506 1115 590 sol0,

172 648 298 722 magno
323 648 426 719 opere
453 648 472 694 a
497 649 576 696 vera
602 623 689 720 lapsi
716 624 848 695 ratione
873 623 1055 695 videntur.

173 737 371 810 Heraclitus
397 739 464 810 init
489 765 638 835 quorum
667 740 739 811 dux
766 738 897 837 proelia
924 738 1076 834 primus,

172 853 1141 952 cmmmmmmmmfflmmwmmffiwm

171 970 325 1065 quamde
350 971 462 1067 gravis
489 971 579 1043 inter
605 970 745 1055 Graios,
773 970 835 1066 qui
862 995 940 1041 vera
966 969 1168 1065 requirunt:

171 1081 1166 1182 ommmmmfflmwwmmmmmfflm

172 1201 315 1273 inversis
341 1227 431 1297 quae
457 1202 523 1273 sub
549 1202 662 1274 verbis
688 1200 860 1272 latitantia
886 1209 1052 1285 cernunt,

175 1341 323 1412 veraque
349 1317 567 1389 constituunt
593 1342 682 1414 quae
708 1316 799 1388 belle
825 1324 965 1413 tangere
992 1324 1135 1413 possunt

172 1432 266 1502 auris
291 1439 325 1504 et
351 1432 468 1529 lepido
494 1458 583 1529 quae
609 1443 691 1505 sunt
715 1433 830 1505 fucata
856 1458 994 1505 sonore.

218 1547 307 1619 Nam
337 1573 399 1619 cur
424 1557 495 1619 tam
522 1549 635 1620 variae
661 1557 714 1620 re's
740 1559 878 1645 possent
903 1573 993 1633 esse,
1021 1549 1179 1645 require,
1297 1585 1356 1637 arg.
1374 1568 1399 1621 1.

171 1663 942 1760 mmmmmmmmmmmwffl

171 1776 222 1848 nil
248 1778 424 1874 prodesset
449 1779 544 1850 enim
570 1779 724 1850 calidum
752 1779 927 1852 denserier
952 1781 1068 1877 ignem

171 1918 234 1964 nec
261 1894 431 1979 rarefieri,
459 1894 487 1965 si
514 1903 627 1991 partes
653 1895 744 1991 ignis
769 1895 915 1968 eandem

170 2016 328 2080 naturam
358 2035 465 2105 quam
491 2017 584 2082 totus
612 2010 715 2082 habet
741 2036 845 2107 super
870 2012 961 2107 ignis
987 2012 1172 2084 haberent.

79 2144 86 2158 ·
170 2123 281 2195 acrior
306 2124 408 2196 ardor
432 2125 528 2197 enim
555 2125 737 2197 conductis
762 2126 920 2222 partibus
946 2134 1051 2211 esset,

170 2237 370 2335 languidior
395 2266 497 2338 porro
525 2241 677 2313 disiectis
704 2241 828 2337 disque
854 2243 1009 2338 supatis:

170 2354 1044 2454 ammmsmmfimimlmtmmdpmmrmns

171 2469 300 2542 talibus
327 2472 363 2543 in
390 2473 520 2557 causis,
548 2472 678 2545 nedum
707 2473 876 2545 variantia
901 2499 1017 2545 rerum

116 2640 190 2701 636.
227 2669 352 2703 surriruom
379 2667 415 2702 sc.
444 2668 534 2702 rerum
559 2651 641 2719 (635).
687 2638 761 2699 637.
798 2650 867 2717 lapsi
883 2650 999 2702 videntur
1017 2653 1034 2702 i.
1054 2667 1078 2703 e.
1097 2640 1296 2724 ἐσφαλμένοι

70 2738 255 2821 φαίνονται.
303 2735 377 2797 638.
416 2747 478 2799 Luc.
507 2749 641 2814 imprimis
671 2746 800 2798 Heracliti
829 2746 949 2813 Ephesii,
978 2748 1025 2813 qui
1046 2746 1140 2799 tlornit
1158 2765 1182 2799 c.
1201 2764 1225 2799 a.
1245 2750 1297 2800 500

69 2846 224 2897 doctrinam
258 2847 413 2913 impugnat,
449 2849 590 2913 propterea
618 2843 692 2911 qnod
720 2843 802 2894 Stoici
833 2843 1030 2910 Epicureorum
1058 2844 1208 2896 adversarii
1237 2862 1296 2897 eam

70 2934 265 3001 sequebantur.
312 2922 385 2984 639.
427 2933 559 2986 Attendas
578 2921 841 3002 ad'ambiguitatem
862 2934 935 2985 vocis
954 2934 1045 2996 clarus,
1065 2950 1136 3000 quae
1155 2940 1182 2986 et
1186 2934 1297 3002 facilem

70 3023 193 3074 intellectu
211 3028 238 3073 et
256 3023 362 3073 nobilem
381 3024 526 3090 significat.
572 3010 647 3071 640.
684 3023 791 3090 quorrrde
809 3023 827 3073 i.
847 3038 870 3073 e.
889 3038 981 3088 quam.
1002 3022 1108 3074 Ennius
1125 3040 1235 3090 quoque
1247 3024 1296 3075 hac

70 3113 160 3163 forma
193 3126 258 3162 usus
291 3116 339 3162 est.
385 3099 460 3161 642.
499 3113 598 3164 inirerso
629 3112 704 3163 verto
732 3115 750 3165 i.
778 3132 801 3166 e.
831 3092 1028 3190 ἆλληγόριᾱι.
1067 3113 1162 3178 Quint.
1191 3113 1296 3175 a,6,44:

69 3189 278 3285 ,,ἆλληγόρια,
295 3224 378 3274 quam
389 3207 553 3260 inversionem
563 3209 788 3276 interpretantur,
799 3209 875 3261 aliud
887 3210 977 3261 verbis
988 3208 1064 3260 aliud
1076 3224 1156 3260 sensu
1168 3207 1296 3270 ostendit,

68 3307 153 3356 etiarn
174 3306 283 3355 interim
304 3303 498 3371 contrarium.''
536 3304 610 3356 Illud
630 3303 724 3357 Cicero
744 3304 777 3356 de
792 3305 837 3357 Or.
849 3305 926 3368 2361
938 3305 1005 3356 dicit
1015 3306 1187 3355 immutatam
1199 3305 1297 3356 oratio·

71 3410 135 3444 nem
163 3398 212 3443 aut
240 3392 333 3459 (unius
361 3392 449 3460 verbi)
475 3393 700 3457 translationem
721 3394 771 3446 hoc
791 3395 975 3446 inversionem
994 3394 1150 3445 verborum.
1188 3390 1244 3444 Cic.
1263 3391 1296 3444 de

70 3484 118 3533 fin.
138 3482 197 3544 2‚15
216 3482 363 3533 Heraclitus
381 3490 539 3548 copnomento
554 3483 599 3551 qui
616 3472 779 3545 σκοτεινάς
799 3483 951 3551 perhibetur,
979 3482 1040 3549 quia
1059 3482 1089 3534 de
1108 3491 1200 3533 notura
1220 3481 1297 3533 nimis

70 3578 173 3629 obscure
200 3578 353 3629 inemorocit
392 3578 526 3645 Epicurus
545 3585 639 3631 contra
658 3580 824 3648 discipulum
845 3578 1014 3631 Herodotum
1033 3578 1111 3630 docet
1130 3579 1196 3630 haec
1215 3577 1226 3648 t
1245 3579 1296 3630 38:

72 3659 194 3753 ἀνάγκη
219 3666 277 3752 γὰρ
305 3666 343 3730 τὸ
367 3668 497 3751 πρῶτον
520 3667 662 3755 ἐννόημα
685 3661 761 3733 καθ’
785 3669 921 3733 itacios
946 3666 1096 3751 φθόγγον
1112 3667 1297 3751 βλέπεσθαι

71 3759 125 3826 καὶ
148 3763 256 3850 μηθὲν
281 3755 473 3840 ἀποδείξεως
493 3763 714 3847 προσδεῖσθαι
733 3777 751 3827 i.
771 3793 793 3827 e.
814 3778 933 3844 primum
953 3777 1025 3827 euim
1047 3790 1153 3826 necesse
1172 3780 1215 3826 est
1232 3792 1297 3828 voce

71 3885 122 3920 sua
150 3885 288 3936 quamque
317 3871 456 3922 notionem
487 3873 602 3938 perspici
622 3888 710 3938 neque
730 3872 914 3939 explicatione
934 3871 1067 3939 indigere.
1114 3858 1188 3920 649.
1225 3888 1300 3940 super

72 3959 90 4007 r.
119 3973 141 4008 e.
170 3959 289 4025 insuper,
315 3961 406 4021 etiam,
425 3965 457 4010 ut
475 3961 562 4021 aera
582 3961 632 4011 sor
644 3980 651 4023 ;
671 3961 873 4023 5,res;e,514.
920 3948 995 4009 653.
1032 3977 1110 4011 causa
1130 3961 1147 4011 r.
1167 3976 1189 4012 e.
1210 3962 1298 4028 prima

71 4049 194 4109 materia,
227 4049 334 4116 Urstoff.
367 4035 464 4102 αἰτία.
498 4080 533 4087 -
560 4050 689 4100 rioriantio
717 4066 766 4117 pro
795 4050 921 4110 varietas,
949 4065 1039 4116 oeyror
1067 4065 1115 4116 pro
1144 4049 1297 4117 aegritud0,

71 4144 217 4194 inoxiruitos
246 4161 294 4212 pro
320 4145 491 4213 magnitudo,
507 4145 632 4213 pestilitas
653 4162 700 4213 pro
720 4146 884 4212 pestilentia,
905 4145 1058 4212 dispositore
1079 4161 1127 4212 pro
1146 4144 1298 4212 dispositio,

71 4232 200 4300 differitas
221 4250 268 4301 pro
288 4234 451 4296 differentia,
470 4235 595 4303 refutatus
614 4252 663 4303 pro
682 4236 820 4296 refutatio,
835 4233 939 4285 emissus
951 4250 998 4300 pro
1008 4234 1126 4294 emissio,
1136 4241 1299 4286 commutatos

73 4337 122 4389 pro
142 4325 329 4384 commutatio,
348 4324 465 4391 opinatus
486 4340 534 4391 pro
553 4326 685 4391 opinatio,
690 4323 841 4391 formatura
852 4338 900 4390 pro
911 4323 1090 4374 conformatio
1101 4337 1155 4373 non
1166 4321 1299 4389 leguntur

71 4412 125 4463 nisi
136 4411 208 4478 apud
221 4411 284 4463 Luc.
294 4431 301 4475 ;
322 4413 420 4479 partim
432 4429 542 4480 quoque
552 4413 625 4481 apud
636 4414 695 4465 eius
704 4413 871 4464 imitatorem
882 4410 1035 4462 Arnobium
1048 4415 1151 4477 patrem
1162 4410 1298 4472 ccclesiae,

71 4501 118 4569 qni
141 4502 209 4553 vixit
231 4503 312 4554 tertio
332 4502 440 4554 saeculo
461 4519 485 4569 p.
505 4500 535 4553 C.
555 4519 581 4553 n.
620 4503 709 4554 Etiam
728 4501 808 4553 sotius
828 4516 876 4570 pro
896 4500 1006 4554 satietas
1025 4505 1065 4554 est
1084 4516 1139 4553 vox
1158 4501 1253 4552 rarior.
