3096 5002
56 521 112 574 165
160 529 222 576 nec
248 498 383 576 fructus
408 497 503 574 idern
530 496 713 574 arboribus
739 509 893 574 constare
919 500 1085 588 solerent,

159 620 219 691 sed
246 625 484 703 mutarentur,
511 617 600 690 ferre
626 643 745 690 ornnes
771 618 889 690 ornnia
915 631 1071 716 possent.

160 735 312 832 quippe,
339 735 402 806 ubi
429 760 498 806 non
526 742 638 806 essent
663 733 829 830 genitalia
855 758 996 830 corpora
1024 735 1170 832 cuique,

160 851 223 948 qui
249 859 363 948 posset
388 858 499 922 mater
525 850 628 922 rebus
654 849 838 921 consistere
864 849 980 920 certa?

161 975 195 1038 at
221 992 316 1038 nuno
342 966 536 1038 seminibus
561 965 646 1062 quia
671 964 773 1036 certis
798 989 959 1060 quaeque
985 973 1190 1052 creantur,

160 1082 244 1153 inde
270 1081 444 1153 enascitur
469 1087 574 1177 atque
600 1105 675 1152 oras
700 1080 736 1151 in
764 1080 909 1151 luminis
934 1081 1022 1166 exit,

161 1197 321 1269 materies
347 1197 410 1268 ubi
436 1197 526 1268 inest
551 1196 723 1292 cuiusque
748 1204 782 1267 et
808 1220 951 1293 corpora
976 1197 1108 1294 prima;

162 1320 267 1409 atque
293 1313 357 1384 hac
383 1337 420 1384 re
445 1319 627 1408 nequeunt
653 1337 694 1383 ex
720 1311 884 1383 omnibus
910 1313 1028 1384 onmia
1053 1314 1169 1410 gigni,

162 1427 258 1524 quod
285 1428 386 1499 certis
411 1428 448 1498 in
475 1427 579 1499 rebus
604 1427 694 1499 inest
720 1435 849 1499 secreta
874 1426 1038 1500 facultas.

160 1552 337 1640 praeterea
363 1568 425 1615 cur
450 1568 528 1615 vere
553 1569 684 1628 rosam,
712 1542 888 1614 frumenta
914 1542 1044 1629 calore,

159 1659 245 1730 vites
270 1667 441 1731 autumno
467 1659 569 1730 fundi
595 1659 762 1731 suadente
788 1658 965 1744 videmuS,

161 1773 190 1844 si
216 1798 305 1859 non,
333 1782 425 1845 certa
450 1798 512 1845 suo
539 1773 623 1870 quia
648 1782 804 1870 ternpore
830 1773 1106 1848 seminatorum

161 1912 241 1958 curn
269 1887 531 1973 confluxerunt,
559 1890 680 1985 patefit
705 1888 801 1985 quod
827 1914 980 1985 cumque
1006 1898 1160 1978 creatur,

162 2002 246 2074 dum
277 2010 496 2099 tempestates
522 2004 650 2075 adsunt
674 2012 709 2076 et
734 2004 851 2076 vivida
878 2004 979 2076 tellus

160 2124 238 2190 tuto
264 2143 317 2190 res
342 2124 476 2190 teneras
502 2118 600 2190 effert
625 2119 662 2190 in
689 2118 834 2190 luminis
860 2122 959 2193 oras?

160 2234 311 2330 quodsi
337 2234 380 2306 de
406 2234 479 2306 nilo
505 2236 645 2320 fierent,
672 2235 789 2307 subito
814 2246 1036 2310 exorerentur

160 2351 293 2422 incerto
318 2351 431 2447 spatio
456 2358 562 2447 atque
588 2351 710 2423 alienis
736 2352 894 2448 partibus
919 2353 1021 2438 auni;

160 2465 294 2562 quippe
319 2466 382 2538 ubi
408 2465 507 2537 nulla
531 2466 644 2538 forent
669 2467 879 2563 primordia,
907 2495 997 2566 quae
1022 2472 1165 2567 genitali

162 2579 310 2652 concilio
335 2589 474 2677 possent
499 2582 607 2654 areeri
633 2590 790 2680 ternpore
815 2583 956 2679 iniquo.

162 2721 225 2767 neo
252 2721 353 2793 porro
379 2698 548 2794 augendis
574 2699 678 2770 rebus
703 2698 814 2796 spatio
839 2698 927 2771 foret
952 2725 1054 2786 usus,

52 2832 114 2883 185
159 2813 302 2884 seminis
327 2814 372 2885 ad
398 2814 549 2899 coitum,
577 2815 605 2885 si
631 2840 650 2886 e
676 2815 749 2886 nilo
775 2840 924 2887 erescere
950 2826 1107 2913 possent;

107 3027 171 3088 165.
211 3037 330 3090 Constare
357 3039 400 3089 ie.
425 3041 580 3090 constanter
599 3053 717 3100 manere,
737 3053 791 3090 non
812 3039 922 3089 mutari.
960 3037 1015 3090 Cfr.
1035 3039 1093 3092 Liv.
1112 3041 1155 3104 39,
1175 3041 1209 3093 34
1228 3043 1291 3094 adeo

51 3127 216 3196 perturbavit
241 3143 271 3179 ea
290 3143 337 3178 001
354 3142 445 3194 regem,
464 3134 491 3176 ut
508 3142 559 3177 noa
577 3126 653 3189 color,
672 3142 722 3176 aon
741 3126 821 3176 cultas
839 3126 864 3177 et'
876 3135 1005 3178 constaret.
1045 3117 1106 3178 169.
1145 3131 1216 3183 Voce
1226 3147 1292 3181 auae

57 3231 143 3282 saepe
161 3219 280 3267 utuntur
298 3214 362 3266 Luc.
382 3212 438 3265 Cic.
457 3214 524 3277 Liv.,
544 3231 605 3266 cum
625 3218 768 3265 transeunt
787 3215 822 3266 ab
842 3231 882 3277 eo,
902 3216 1105 3282 quodfalsum,
1125 3218 1158 3270 ad
1178 3219 1207 3269 id
1217 3218 1292 3286 quod

57 3320 159 3356 verum
179 3305 213 3355 iis
232 3303 349 3355 videtur.
388 3291 442 3352 170
461 3319 501 3370 sq.
538 3305 581 3354 ie.
600 3302 723 3370 quidque
743 3305 880 3354 enascitur
892 3303 956 3355 inde
968 3343 974 3355 .
986 3343 992 3355 .
1003 3343 1009 3355 .
1022 3306 1293 3367 Ι,161011011110111

60 3396 144 3446 inest.
183 3381 234 3442 171.
272 3393 396 3456 materies,
425 3409 531 3460 corpora
560 3393 657 3460 prima.
695 3393 726 3443 V.
746 3392 779 3444 ad
800 3409 824 3443 v.
845 3392 887 3444 61.
926 3393 987 3446 Vox
1006 3395 1122 3446 materies
1140 3394 1292 3447 derivanda

59 3482 174 3534 videtur
201 3498 218 3533 a
247 3498 311 3535 voce
330 3490 410 3534 mater
432 3482 491 3550 (cfr.
510 3481 582 3550 168).
619 3482 753 3543 Truncus,
773 3481 846 3534 unde
865 3487 1003 3534 sarmenta
1023 3484 1167 3562 prodeunt,
1188 3483 1290 3536 dieitur

59 3571 179 3623 materies
197 3569 264 3639 (cie.
287 3571 333 3624 Or.
353 3571 378 3633 2,
398 3571 451 3638 21),
470 3579 549 3622 mater
567 3571 659 3638 (Verg.
680 3570 779 3639 Georg.
799 3572 823 3634 2,
844 3571 877 3622 23
888 3591 895 3635 ;
915 3570 1022 3625 Colum.
1043 3573 1067 3635 3,
1087 3572 1120 3622 17
1131 3592 1139 3635 ;
1158 3572 1230 3624 Ρ111.
1250 3573 1293 3635 12,

62 3672 89 3733 5,
120 3670 165 3736 11)
192 3671 286 3722 mania
312 3669 396 3738 (Suet.
425 3669 497 3737 Aug.
526 3669 587 3737 94);
615 3660 742 3750 μήτραν
762 3669 968 3737 Theophrastus
987 3671 1021 3722 H.
1041 3671 1082 3722 Pl.
1102 3674 1127 3734 5,
1146 3672 1171 3734 3,
1191 3671 1206 3721 1
1226 3671 1294 3723 dicit

62 3760 579 3847 01601101101111111,μελάνδρυον.
617 3756 678 3818 172.
717 3769 764 3819 hac
782 3785 808 3820 re
826 3770 870 3820 ie.
890 3769 960 3820 hanc
979 3770 1014 3821 ob
1025 3785 1091 3820 rem.
1129 3768 1293 3842 (itaqaare,

62 3885 150 3938 quam
179 3869 214 3920 ob
243 3885 308 3920 rem.
347 3856 408 3917 173.
445 3876 539 3920 recreta
567 3869 609 3920 ie.
637 3867 774 3929 distincta,
800 3869 920 3935 propria,
939 3873 1020 3920 certa.
1059 3857 1123 3918 174.
1162 3867 1294 3921 01101.

63 3959 148 4010 Tuae.
168 3957 256 4020 5,13,
276 3957 309 4008 37
329 3973 406 4024 aeque
424 3964 459 4008 est
476 3957 564 4019 ullum,
583 3956 650 4024 quod
667 3972 717 4006 aon
737 3956 773 4006 t'ta
791 3956 889 4024 vipeat.
901 3993 907 4006 .
919 3993 925 4006 .
937 3993 953 4019 .,
972 3964 1000 4007 ut
1016 3957 1296 4026 aatfloresaatsrayea

57 4046 166 4116 fundat
182 4053 227 4097 aut
244 4046 328 4096 10001.
384 4045 452 4096 111).
468 4045 492 4108 2,
513 4044 564 4096 156
583 4052 649 4096 terra
670 4043 789 4114 [fruges]
805 4044 907 4112 fundit.
946 4033 1008 4095 175.
1046 4046 1103 4097 vitis
1113 4048 1295 4112 metonymice

66 4139 111 4187 est
138 4150 194 4185 uva
219 4134 264 4185 vel
283 4135 388 4184 vinum.
408 4132 464 4186 on.
484 4134 565 4202 Verg.
585 4132 684 4200 Georg.
705 4133 765 4195 2,9r
784 4141 842 4184 suat
859 4141 882 4184 et
899 4132 1041 4185 Aminneae
1059 4135 1128 4197 viter,
1142 4133 1297 4202 firmissima

64 4224 137 4275 aina.
176 4211 238 4272 178.
280 4213 447 4290 ..1111111011
466 4224 508 4274 ie.
529 4227 650 4289 tempora
668 4222 769 4275 idonea
785 4226 867 4288 atque
878 4228 1041 4289 opportuna,
1053 4239 1117 4273 nam
1128 4225 1296 4289 tempestatis

63 4328 124 4365 vox
152 4316 193 4363 est
220 4310 336 4363 media.''
381 4300 434 4374 181,
459 4299 523 4361 184.
560 4311 643 4379 spatio
670 4312 713 4363 i.e.
734 4315 863 4378 tempore.
900 4298 962 4360 183.
1000 4311 1164 4364 Atomorum
1191 4312 1296 4363 101101ἰί0

67 4393 263 4480 [συγκρίσει]
294 4402 417 4452 existunt
445 4416 496 4463 res,
516 4399 624 4452 discidio
636 4391 820 4478 [διακρίσει]
832 4400 949 4452 redeunt
959 4402 987 4451 in
998 4417 1112 4469 corpora
1121 4402 1252 4452 materiae
1261 4401 1297 4469 (1,

67 4502 142 4570 249).
162 4489 224 4551 185.
244 4517 265 4552 a.
276 4517 300 4552 a.
311 4517 332 4551 c.
343 4502 385 4552 i.e.
396 4506 427 4552 ut
436 4501 492 4552 alia
503 4516 591 4551 rerum
601 4500 751 4567 primordia
762 4502 868 4553 coirent
877 4500 911 4552 ad
925 4501 1072 4554 concilium
1084 4501 1205 4570 genitale
1216 4501 1298 4570 (182).
